1837 2698
283 318 352 350 108
568 312 833 346 COMPOTUM
856 312 1084 344 MAGISTRI
1105 311 1302 345 FABRICE

880 600 962 638 III.

504 766 806 807 MAGISTER
836 766 1087 806 FABRICE
1120 766 1330 806 PONTIS

782 903 841 941 M.
859 902 909 940 D.
940 902 1059 941 XIV.

283 1053 574 1100 COMPOTUM
595 1065 756 1112 Magistri
773 1066 967 1101 Alexandri
987 1067 1110 1111 Mylne
1127 1067 1293 1101 Canonici
1311 1066 1557 1100 Dounkelden-
1628 1084 1633 1087 »

279 1145 321 1180 fis
340 1158 379 1181 ac
396 1146 557 1192 Magistri
577 1147 723 1182 Fabrice
741 1147 864 1182 Pontis
888 1147 1038 1193 ejusdem
1061 1148 1236 1181 redditum
1260 1148 1353 1191 apud
1378 1147 1555 1180 Tullelum

279 1226 373 1261 sexto
390 1227 446 1261 die
462 1225 587 1261 menfis
605 1227 815 1261 Novembris
833 1238 924 1261 anno
942 1228 1074 1261 domini
1088 1225 1267 1261 minefimo
1281 1225 1555 1272 quingentefimo

278 1308 409 1341 decimo
426 1313 552 1352 quarto
578 1309 630 1342 De
648 1308 808 1342 omnibus
833 1307 901 1341 suis
926 1308 1089 1352 Receptis
1113 1313 1147 1341 et
1171 1305 1341 1352 Expenfis
1365 1308 1408 1341 ab
1432 1308 1556 1341 ultimo

277 1393 436 1432 compoto
453 1388 513 1423 suo
530 1391 667 1423 reddito
684 1390 777 1433 apud
799 1389 1029 1422 Dounkelden
1052 1390 1163 1434 xvijm⁰
1181 1390 1236 1422 die
1258 1387 1382 1422 menfis
1404 1388 1555 1423 Novem-

277 1470 347 1502 bris
366 1481 456 1503 anno
473 1471 606 1504 domini
626 1468 805 1503 millesimo
823 1468 1098 1515 quingentefimo
1115 1471 1248 1504 decimo
1265 1471 1372 1503 tercio
1405 1470 1554 1504 Audito-

277 1550 373 1583 ribus
397 1549 574 1596 Magistris
592 1550 615 1583 J
617 1551 722 1584 acobo
741 1550 902 1583 Fentoun
920 1556 1120 1593 precentore
1143 1550 1293 1595 Georgio
1312 1550 1424 1583 Ferne
1441 1551 1553 1583 archi-

275 1631 418 1664 diacono
435 1630 594 1664 Dominis
613 1630 803 1664 willielmo
821 1630 971 1664 Moncur
989 1635 1023 1664 et
1041 1631 1180 1664 Thoma
1198 1630 1306 1675 Greig
1323 1632 1504 1664 canonicis.

324 1791 421 1824 Idem
439 1796 639 1835 compotans
656 1797 777 1826 onerat
793 1792 826 1826 se
843 1793 885 1825 de
902 1794 963 1825 xlv
975 1793 1009 1825 li.
1024 1792 1071 1835 vij
1088 1794 1112 1824 ἔ.
1127 1792 1199 1836 vij3
1217 1789 1250 1824 d.
1269 1792 1310 1825 de
1328 1790 1417 1825 resta
1435 1792 1549 1824 ultimi

275 1873 424 1916 compoti
442 1871 492 1906 sui
511 1874 636 1906 redditi
655 1878 695 1906 ut
713 1871 824 1916 supra.

726 1953 871 1986 Summa
888 1952 975 1986 reste
992 1957 1097 1997 patet.

321 2112 409 2146 Item
437 2112 533 2146 Idem
552 2117 753 2156 compotans
777 2118 897 2147 onerat
920 2112 952 2146 se
976 2114 1018 2147 de
1041 2113 1101 2157 viij
1121 2113 1155 2146 li.
1173 2113 1235 2157 xiij
1256 2115 1280 2146 ἔ.
1299 2114 1345 2158 vij
1365 2111 1398 2146 d.
1422 2119 1546 2156 recept.
