1837 2698
900 322 941 350 VI

286 432 401 461 torum
423 432 592 461 servatus.
644 427 812 472 Ejusdem
835 427 913 460 libri
937 428 1071 471 primus
1096 437 1270 470 possessor
1293 426 1399 459 fuisse
1416 427 1554 460 videtur

286 523 440 557 Thomas
467 523 574 568 Greig
598 524 845 567 prebendarius
871 524 913 556 de
935 523 1056 556 Alicht
1081 523 1262 556 dioeceseos
1287 522 1552 561 Dunkeldensis‚

283 631 386 663 quem
399 620 436 653 in
448 620 513 653 hoc
530 620 618 653 libro
635 631 714 653 cum
731 621 832 653 laude
850 624 1094 653 commemorat
1112 624 1232 652 auctor
1249 624 1374 652 noster.
1417 619 1551 651 Deinde

281 718 318 750 in
331 727 454 750 manus
468 717 626 760 pervenit
638 716 781 749 Domini
795 715 957 749 Gulielmi
972 716 1119 748 Sinclair
1135 716 1176 748 de
1195 715 1327 753 Roslin,
1344 715 1478 753 Militis,
1489 715 1549 758 qui

283 813 409 846 multos
422 813 540 856 magni
556 813 656 855 pretii
670 812 775 845 libros
790 812 910 856 coegit,
925 822 1072 855 quorum
1086 811 1261 844 nonnullis
1275 811 1482 843 bibliotheca
1493 811 1550 842 illa

281 909 527 941 advocatorum
550 908 659 941 ditata
683 912 743 940 est.
795 907 910 940 Codex
934 907 1007 950 ipse
1030 908 1209 939 minimam
1227 907 1467 939 auctoritatem
1484 907 1549 939 sibi

282 1009 432 1048 arrogat,
454 1008 582 1047 praeter
602 1004 783 1046 scripturae
805 1008 943 1036 aetatem
964 1004 1094 1036 auctori
1113 1004 1290 1046 aequalem.
1342 1002 1548 1046 Quanquam

281 1104 423 1133 ornatus
438 1111 507 1133 non
526 1101 747 1144 ineleganter,
765 1104 925 1132 exaratus
943 1106 1059 1132 tamen
1076 1110 1148 1132 esse
1163 1100 1301 1131 videtur
1318 1110 1338 1131 a
1355 1098 1476 1136 scriba,
1495 1100 1548 1131 vel

280 1196 410 1239 linguae
424 1195 562 1228 Latinae
575 1196 746 1238 imperito,
761 1196 815 1227 vel
829 1195 1133 1239 negligentissimo.
1173 1193 1252 1227 Non
1266 1195 1359 1227 aliud
1374 1196 1548 1237 exemplar

280 1291 407 1325 Latine
436 1296 571 1325 exstare
600 1292 751 1324 creditur
770 1301 777 1323 ι
814 1291 1047 1324 traductiones
1076 1291 1208 1334 aliquot
1237 1289 1387 1334 Anglice
1417 1290 1506 1323 MS.
1515 1290 1547 1323 S.

280 1392 465 1421 occurrunt
479 1386 639 1432 (quarum
659 1398 727 1420 una
746 1388 837 1420 inter
854 1391 929 1419 acta
947 1387 1118 1419 societatis
1137 1387 1411 1429 antiquariorum
1426 1386 1548 1419 Perth-

279 1485 369 1518 ensis
386 1486 488 1517 modo
509 1485 545 1517 in
568 1485 679 1517 lucem
706 1484 814 1526 exiit),
836 1494 953 1516 omnes
979 1488 1094 1515 tamen
1121 1483 1255 1514 minimi
1282 1483 1394 1525 pretii,
1415 1493 1457 1514 ex
1482 1482 1546 1515 hoc

279 1582 404 1615 vitioso
428 1582 615 1624 exemplari
641 1581 735 1614 haud
758 1580 863 1613 dubie
884 1580 1075 1622 descriptae,
1100 1580 1242 1623 ejusque
1267 1580 1408 1612 mendas
1429 1590 1546 1612 omnes

278 1689 418 1721 prorsus
437 1682 687 1711 conservantes.

322 1775 363 1808 In
376 1774 440 1807 hac
450 1774 646 1807 recensione
658 1777 772 1805 errata
783 1773 942 1815 quaedam
955 1772 1080 1815 prioris
1091 1772 1328 1810 emendantur,
1339 1772 1546 1815 paucissima

278 1882 320 1904 ex
334 1871 531 1915 conjectura
544 1874 736 1903 mutantur.
775 1869 844 1902 Ubi
863 1870 904 1902 de
922 1880 1024 1901 sensu
1042 1869 1192 1901 auctoris
1210 1868 1301 1900 haud
1320 1869 1451 1911 liquido
1468 1880 1545 1902 con-

277 1967 401 2005 stabat,
420 1968 494 2010 ipsa
513 1967 617 2000 verba
639 1967 824 2009 litei-asque
845 1965 1070 2008 manuscripti
1088 1966 1169 1997 dare
1187 1965 1326 2008 placuit,
1344 1975 1540 2008 quanquam
