1837 2698
626 296 791 327 PONT1s
812 292 1176 326 DUNKELDENSIS.
1495 296 1541 331 97

258 406 370 439 eidem
388 403 524 439 Alester
543 405 579 439 in
598 406 788 439 mercedem
807 404 935 438 laboris
957 408 1033 437 octo
1055 406 1234 447 petrarum
1252 400 1337 434 ferri
1355 399 1416 445 viij
1437 402 1462 433 ἔ.
1492 399 1543 434 Et

260 487 296 520 in
317 486 544 520 ferracionem
563 490 703 519 centum
724 485 982 530 quinquaginta
1000 494 1078 518 cum
1096 487 1248 527 quatuor
1265 481 1440 515 serrorum
1462 491 1541 515 cum

259 567 408 611 propriis
443 567 551 600 clauis
585 565 710 600 nostris
743 567 854 610 pretio
888 564 1071 611 cujussibet
1105 563 1307 597 ferracionis
1342 562 1466 596 obulus
1502 567 1543 595 ut

259 646 361 691 supra
380 647 412 692 vj
439 650 462 681 s.
481 647 517 692 xj
536 645 569 680 d.
619 647 670 680 Et
695 648 806 681 eidem
831 647 869 680 in
895 646 1088 680 mercedem
1113 645 1241 678 laboris
1268 644 1471 677 acucionum
1497 640 1544 675 lie

256 727 415 773 prenteis
442 729 484 762 de
509 729 610 762 ferris
637 728 705 762 suis
732 729 862 772 capien.
888 739 952 772 pro
982 725 1107 760 eisdem
1137 736 1198 769 per
1225 735 1358 759 annum
1385 724 1537 769 quadra-

259 810 359 854 ginta
383 810 543 843 denarios
572 820 636 853 pro
663 809 819 853 quolibet
849 806 896 841 lie
918 805 1082 853 prenteis
1110 811 1145 839 et
1169 806 1361 839 dimedium
1388 810 1422 839 et
1451 815 1544 839 unus

260 900 371 923 annus
390 890 570 923 advenien.
587 888 673 923 festo
689 890 807 923 Sancti
825 889 971 922 Mertini
989 888 1148 932 proxime
1165 886 1288 920 futuro
1306 886 1488 919 extenden.
1506 887 1544 920 in

259 970 359 1004 totali
377 968 511 1003 summa
527 970 572 1003 ad
589 970 625 1002 ix
644 972 669 1003 ἕ.
720 969 770 1003 Et
786 970 824 1002 in
841 968 1062 1003 refectionem
1081 965 1394 1001 instrumentorum
1417 966 1545 1000 ferreo-

258 1061 338 1085 rum
355 1048 402 1084 lie
411 1048 574 1096 prenteis
595 1061 635 1084 ac
651 1049 825 1084 ferrorum
848 1054 1006 1083 rotarum
1027 1054 1061 1083 et
1085 1048 1250 1082 redarum
1267 1048 1316 1093 vij
1336 1050 1360 1081 s.
1375 1048 1391 1093 j
1410 1045 1444 1081 d.
1495 1047 1545 1081 Et

259 1131 371 1165 eidem
388 1132 426 1166 in
443 1131 665 1165 refectionem
682 1131 875 1164 ferreorum
892 1130 1045 1174 lapicidii
1063 1140 1143 1163 cum
1168 1140 1260 1163 novo
1278 1128 1371 1163 ferro
1387 1140 1450 1173 pro
1468 1130 1547 1173 qui-

260 1212 327 1246 bus
348 1211 528 1246 Johannes
553 1211 729 1251 Querreor
753 1211 860 1245 habet
885 1209 1088 1255 respondere
1107 1210 1194 1256 xxiij
1215 1213 1240 1243 ἔ.
1257 1210 1282 1254 ij
1302 1207 1335 1244 d.
1386 1209 1436 1244 Et
1462 1211 1547 1244 allo-

261 1297 361 1327 catur
386 1293 497 1325 eidem
519 1303 581 1337 per
602 1292 846 1326 liberacionem
871 1291 999 1325 factam
1024 1290 1167 1325 Andree
1193 1290 1336 1335 Smytht
1358 1296 1547 1336 antequam

262 1373 520 1407 conducebatur
541 1373 586 1406 ad
608 1383 695 1417 opus
713 1373 837 1407 fabrile
857 1372 986 1407 fabrice
1003 1372 1120 1416 pontis
1143 1373 1181 1406 in
1204 1372 1397 1406 mercedem
1416 1373 1546 1407 laboris

262 1454 379 1487 decem
396 1451 587 1487 frustorum
605 1453 690 1487 ferri
708 1454 840 1498 capien.
858 1465 922 1498 pro
939 1453 1095 1498 quolibet
1112 1451 1242 1487 frustro
1261 1454 1350 1487 citra
1367 1454 1495 1488 bibalia
1513 1460 1547 1488 et

263 1533 445 1568 servitores
463 1538 540 1568 octo
558 1534 717 1568 denarios
736 1535 770 1580 vj
791 1538 816 1569 ἔ.
835 1535 896 1579 viij
916 1533 949 1568 d.
975 1534 1026 1568 Et
1042 1534 1213 1568 allocatur
1230 1534 1341 1568 eidem
1367 1546 1429 1579 per
1446 1536 1550 1570 liber-

263 1615 419 1649 acionem
436 1614 564 1649 factam
582 1616 693 1649 eidem
708 1615 850 1649 Andree
869 1627 890 1650 a
904 1616 959 1649 die
972 1614 1029 1649 sue
1043 1615 1282 1649 conductionis
1296 1617 1357 1660 qui
1371 1616 1440 1650 fuit
1454 1616 1549 1651 sexto

263 1695 286 1728 J
288 1696 351 1729 ulii
363 1696 446 1729 anni
465 1701 523 1729 ³tc⁹
541 1698 576 1729 νο
593 1694 688 1742 xiijmi
705 1697 743 1731 in
767 1695 905 1741 presens
928 1701 1128 1741 compotum
1151 1697 1189 1730 in
1212 1700 1348 1740 partem
1365 1696 1548 1732 soluciom‘s

265 1775 357 1809 feodi
375 1775 486 1821 xxxiij
507 1779 532 1810 s.
550 1755 601 1821 i‘i'ij
621 1774 654 1810 d.
717 1776 768 1811 Et
784 1775 1009 1811 servitoribus
1027 1774 1180 1821 ejusdem
1205 1777 1244 1810 in
1264 1777 1357 1810 diem
1380 1777 1547 1821 presentis

266 1855 417 1900 compoti
434 1856 494 1900 xvj
507 1867 524 1900 3
542 1854 575 1890 d.
611 1856 661 1891 Et
675 1858 843 1891 allocatur
861 1858 972 1891 eidem
990 1868 1053 1903 per
1070 1857 1285 1901 empcionem
1296 1859 1401 1892 unius
1418 1860 1548 1894 arconii

266 1935 337 1970 feni
356 1947 377 1970 a
394 1935 545 1982 Georgio
561 1937 830 1983 Abbercrumby
847 1939 1029 1973 extenden.
1055 1939 1100 1971 ad
1117 1938 1374 1984 quinquaginta
1397 1941 1548 1975 cercinas

308 1995 332 2008 ΩΙ

266 2096 363 2133 chori
389 2099 433 2134 de
462 2110 579 2135 annuo
608 2100 749 2135 redditu
778 2100 827 2134 eis
856 2100 972 2135 debito
1003 2100 1045 2135 de
1074 2101 1225 2145 quadam
1251 2101 1354 2136 domo
1379 2101 1547 2137 heredum
