1837 2698
404 312 542 345 VITAE
565 313 898 346 EPISCOPORUM
920 312 1330 344 DUNKELDENSIUM.
1461 317 1508 348 35

225 423 362 457 lumbae
389 424 484 457 mille
512 424 630 463 librae,
659 422 685 457 fi
714 429 794 458 ante
820 423 944 458 festum
974 422 1184 458 Pentieostes
1210 423 1410 466 proximum
1436 433 1507 455 non

226 504 371 538 habeam
390 505 499 538 alium
517 505 671 538 vicinum
690 516 769 538 cum
788 517 857 550 quo
875 505 1222 549 pei-ambulabimus?
1261 503 1412 537 Jacobus
1426 514 1508 537 vero

226 586 267 618 ad
286 585 517 630 mitigandam
536 586 707 629 pontificis
726 587 1063 631 magnanimitatem,
1078 586 1296 619 concordiam
1315 582 1506 629 quaefivit3

226 672 260 700 et
277 667 545 700 arbitratoribus
567 668 683 701 electis
704 672 737 701 et
759 668 1056 707 convenientibus,
1080 666 1353 712 subterfugiente
1376 666 1509 709 semper

225 749 317 782 dicto
333 747 474 788 Jacobo,
496 749 584 782 nihil
602 747 651 782 est
669 755 796 782 actum.
847 749 948 782 Tunc
972 749 1140 793 pontifex,
1164 748 1303 782 suorum
1330 748 1509 782 canonico-

225 840 315 869 rum,
341 828 644 874 stipendiariorum
670 830 885 870 secularium,
912 836 946 864 ct
969 832 1150 864 doctorum
1173 832 1368 869 curialium,
1394 836 1508 863 matu-

225 922 302 944 rum
322 911 444 945 habuit
462 912 645 945 concilium
661 923 670 952 ;
698 924 767 956 quo
785 913 959 945 decretum
979 911 1038 951 cst,
1053 913 1112 957 jus
1131 918 1305 946 terrarum
1323 913 1365 945 de
1384 912 1506 955 Clony‚

225 992 413 1038 Congragy
423 998 458 1026 et
469 993 673 1037 Cardyneis,
688 1005 765 1027 cum
782 995 1011 1038 pertinentiis,
1026 994 1127 1039 Regi,
1141 999 1176 1028 et
1189 994 1211 1027 J
1214 995 1343 1028 ohanni
1357 994 1507 1027 Stewart

223 1073 294 1107 filio
315 1079 348 1107 ct
372 1074 512 1107 haeredi
531 1076 706 1118 quondam
727 1075 774 1107 W
777 1076 876 1108 alteri
896 1075 1059 1115 Stewart,
1082 1076 1270 1119 pertinere.
1321 1074 1506 1109 Consultus

225 1153 279 1194 fic,
305 1155 396 1188 idem
420 1157 630 1189 reverendus
654 1161 763 1201 pater,
789 1168 831 1190 ex
853 1157 1019 1190 mandato
1041 1158 1149 1202 regio,
1173 1158 1308 1201 copiam
1327 1170 1344 1190 c
1362 1155 1508 1202 registro

226 1238 379 1270 omnium
409 1238 625 1271 decretorum
655 1239 964 1282 appretiationum,
992 1244 1027 1272 et
1054 1244 1230 1272 cartarum
1258 1240 1351 1272 dicto
1377 1238 1507 1272 Jacobo

226 1318 409 1358 factorum,
427 1317 488 1351 sub
507 1318 707 1361 authentico
725 1319 887 1352 obtinuit.
942 1320 1061 1353 Primo
1079 1320 1140 1365 jus
1161 1321 1297 1365 regium
1320 1321 1508 1353 earundem

225 1405 409 1438 terrarum,
431 1401 521 1434 datis
539 1401 741 1445 quingentis
765 1402 899 1441 mercis,
926 1402 1049 1435 deinde
1070 1403 1131 1447 jus
1153 1403 1246 1447 quod
1269 1402 1394 1436 habuit
1416 1403 1505 1435 idem

223 1480 246 1513 J
249 1480 414 1520 ohannes,
431 1482 680 1525 pollicitatione
694 1482 785 1516 facta
800 1483 841 1515 (le
856 1483 957 1515 terris
971 1481 1033 1516 fibi
1047 1484 1083 1516 in
1097 1484 1310 1517 haereditate
1323 1484 1505 1516 conceden-

224 1564 287 1602 dis,
301 1568 492 1607 utrumque
509 1563 673 1596 obtinuit.
717 1562 767 1597 Et
784 1575 848 1607 pro
866 1564 1101 1608 prosequenda
1119 1566 1191 1604 lite,
1208 1566 1250 1598 de
1268 1563 1407 1599 confilio
1424 1566 1507 1599 dicti

225 1645 404 1678 reverendi
430 1645 551 1688 patris,
577 1645 691 1678 dictus
716 1645 895 1679 Johannes
917 1646 977 1690 jus
1002 1645 1103 1680 suum
1128 1647 1173 1680 ad
1194 1651 1305 1680 terras
1336 1648 1377 1680 de
1404 1647 1510 1691 Petty

225 1726 376 1771 Georgio
394 1726 492 1759 Blair
510 1726 689 1766 vendidit3
714 1727 896 1770 pecuniam
912 1729 1024 1761 dictus
1040 1728 1083 1761 R.
1098 1728 1138 1762 P.
1152 1730 1195 1762 ad
1213 1730 1310 1763 litem
1323 1729 1509 1764 fovendam

225 1807 355 1850 accepit
370 1817 379 1846 3
407 1812 442 1840 et
459 1818 520 1850 per
538 1806 842 1842 summonitionem
862 1810 994 1854 regiam
1013 1811 1057 1843 ad
1075 1811 1150 1855 ejus
1168 1816 1203 1844 et
1221 1810 1244 1843 J
1247 1811 1393 1844 ohannis
1411 1823 1510 1855 prae-

225 1888 308 1922 dicti
332 1886 543 1927 instantiam³
563 1895 684 1923 vocato
703 1890 795 1923 dicto
813 1890 943 1924 Jacobo
961 1897 996 1924 et
1012 1891 1156 1925 Andrea
1176 1892 1316 1937 Hering
1333 1893 1409 1937 ejus
1427 1894 1508 1933 filio,

226 1969 317 2004 feodi
335 1970 419 2003 recti
439 1971 625 2004 earundem
642 1976 814 2004 terrarum
830 1973 981 2011 domino,
995 1984 1109 2006 coram
1125 1973 1321 2007 consulibus
1336 1975 1453 2019 regiis,
1467 1976 1508 2009 lis

226 2051 288 2085 tali
312 2051 494 2096 diligentia
518 2050 748 2095 prosequitur,
775 2053 818 2085 ad
842 2055 1123 2088 retractationem
1146 2056 1363 2089 decretorum
1389 2062 1509 2092 contra

227 2132 357 2166 dictum
376 2134 552 2177 quondam
573 2133 619 2166 W
623 2134 769 2167 alterum
791 2133 942 2167 Stewart
959 2135 1191 2170 obtentorum.
1244 2137 1423 2173 Timentes
1447 2137 1508 2173 fibi
