1837 2698
589 286 752 317 PONTIS
775 286 1137 318 DUNKELDENSIS.
1440 292 1506 324 133

234 394 434 427 cadulorum
462 393 730 428 sementinorum
757 407 819 439 per
848 401 986 440 tempus
1013 397 1162 440 compoti
1191 396 1251 440 viij
1277 396 1301 428 ἔ.
1326 397 1360 428 ix
1381 394 1414 430 d.
1457 396 1505 429 Et

233 473 389 507 lValtero
407 474 485 507 Duf
498 486 561 518 pro
578 475 789 509 confectione
803 478 989 510 octodecim
1007 475 1053 510 lie
1066 474 1313 521 barrowstelis
1329 482 1363 510 et
1378 488 1508 510 correc-

232 555 324 587 tione
342 552 388 588 lie
405 553 518 587 Ιπινῖῐὸἱ
543 567 604 599 per
621 557 710 589 idem
732 561 868 600 tempus
886 558 947 590 xix
964 556 996 590 d.
1048 558 1097 591 Et
1120 559 1287 591 allocatur
1310 558 1420 591 eidem
1447 569 1507 601 per

231 634 472 668 liberacionem
484 636 612 669 factam
625 637 734 669 eidem
742 637 898 670 Waltero
912 638 947 670 in
960 639 1171 681 empcionem
1183 645 1334 682 quatuor
1340 639 1504 671 cellarum

231 715 415 760 bigharum
435 721 469 749 et
487 717 734 750 confectionem
752 718 855 750 unius
873 716 919 750 lie
936 716 1034 751 bodie
1052 719 1237 763 bigharum
1257 720 1279 764 ij
1301 722 1325 752 ἔ,
1344 730 1367 752 v
1383 717 1417 752 d.
1455 718 1504 752 Et

230 797 397 830 3110631111·
410 798 520 830 61(16111
533 799 568 829 in
581 798 793 840 empcionem
806 799 912 831 trium
927 797 1154 842 capistrorum
1167 800 1210 831 ad
1224 800 1371 832 vel-udos
1389 800 1504 842 precio

228 877 265 921 iij
281 879 305 910 5.
339 877 389 910 Et
407 879 574 910 allocatur
584 879 694 910 eidem
713 889 776 921 pro
793 879 1002 911 correctione
1020 880 1170 922 pannule
1182 877 1358 912 Thomson
1372 884 1406 912 et
1420 880 1504 912 dua-

231 968 307 989 rum
329 956 536 1000 postelarum
556 959 765 990 verudorum
780 963 813 991 et
831 959 1040 991 correctione
1058 960 1161 992 unius
1176 960 1257 992 celle
1272 959 1407 1003 Bernys
1422 961 1457 992 ix
1470 958 1503 992 d.

229 1037 278 1070 Et
296 1039 463 1071 allocatur
477 1039 585 1071 eidem
604 1050 667 1081 pro
681 1039 890 1072 correctione
905 1039 1014 1072 cimbe
1030 1040 1148 1084 lapidij
1164 1039 1314 1083 Capetht
1327 1041 1374 1084 xij
1395 1038 1426 1073 d.
1454 1040 1503 1072 Et

228 1130 289 1162 per
306 1119 546 1152 liberacionem
566 1119 692 1151 factam
707 1119 859 1152 Domino
876 1119 1059 1153 Anthonio
1078 1120 1269 1165 MCDowau
1286 1122 1502 1164 carpentario

227 1211 305 1232 cum
317 1198 376 1233 suo
388 1198 484 1232 servo
496 1199 653 1232 lValtero
665 1197 830 1233 existente
843 1201 885 1232 ad
898 1212 983 1243 opus
996 1202 1110 1243 pontis
1123 1201 1212 1234 circa
1223 1199 1269 1234 lie
1280 1199 1428 1234 centreis
1441 1213 1502 1245 per

227 1281 353 1324 viginti
367 1281 439 1313 dies
453 1281 499 1324 lvj
512 1281 537 1312 ἔ.
551 1281 610 1324 viij
625 1278 658 1313 d.
684 1279 734 1312 Et
748 1281 915 1313 allocatur
926 1281 1037 1314 eidem
1051 1282 1088 1314 in
1102 1282 1315 1325 empcionem
1329 1287 1501 1316 certarum

226 1363 448 1395 candelarum
474 1362 517 1394 ad
544 1359 716 1394 stabulum
736 1362 946 1394 verudorum
973 1366 1126 1406 tempore
1151 1362 1304 1406 hyemali
1330 1374 1392 1407 per
1418 1368 1504 1397 tem-

227 1453 291 1485 pus
311 1442 460 1485 compoti
479 1442 502 1486 ij
523 1444 547 1474 5.
561 1442 575 1486 j
596 1439 629 1474 d.
655 1440 706 1474 Et
723 1442 759 1474 in
777 1442 989 1485 empcionem
1007 1444 1270 1486 quatuordecim
1288 1442 1502 1489 liefaldome

226 1523 408 1555 cordarum
427 1533 489 1565 pro
507 1519 553 1554 lie
571 1519 685 1554 mettis
703 1523 914 1555 verudorum
933 1523 967 1566 vj
988 1526 1012 1555 ἔ.
1039 1523 1089 1556 Et
1107 1524 1217 1557 eidem
1236 1525 1272 1557 in
1290 1525 1501 1568 empcionem

225 1604 329 1637 unius
348 1601 394 1636 lie
411 1601 493 1648 uisj)
511 1603 637 1636 calabis
655 1603 678 1647 ij
699 1605 723 1635 ἔ.
738 1603 799 1647 viij
819 1601 851 1635 d.
903 1602 953 1636 Et
971 1604 1138 1637 allocatur
1155 1607 1366 1649 compotanti
1384 1618 1446 1650 per
1463 1608 1503 1639 li-

226 1684 441 1717 beracionem
460 1683 587 1716 factam
605 1683 758 1716 Johanni
776 1683 878 1728 Rogy
897 1695 960 1727 pro
978 1685 1149 1718 cedicione
1166 1687 1342 1730 lignorum
1366 1692 1399 1720 et
1416 1688 1502 1732 liga-

226 1765 321 1798 cione
339 1764 526 1797 eorundem
550 1774 613 1806 pro
630 1764 733 1796 domo
756 1764 983 1797 lathimorum
1002 1776 1045 1797 ex
1067 1770 1165 1808 parte
1183 1765 1325 1799 australi
1342 1768 1383 1800 de
1402 1767 1501 1812 Taya

224 1845 434 1878 conficienda
462 1848 496 1877 et
523 1843 733 1876 confectione
761 1843 912 1887 ejusdem
942 1846 978 1877 in
1008 1846 1199 1888 parietibus
1217 1847 1323 1891 tegite
1341 1853 1375 1881 et
1392 1849 1498 1893 tignis

233 1904 255 1917 ΟΥ

224 2084 282 2129 say
296 2096 358 2129 pro
376 2085 537 2119 ductione
550 2081 596 2117 lie
613 2082 742 2117 emto-eis
758 2095 820 2128 per
836 2090 973 2129 tempus
991 2086 1140 2130 compoti
1157 2087 1216 2131 xvj
1236 2084 1269 2121 d.
1308 2086 1358 2121 Et
1375 2089 1498 2122 alloca-

855 2174 870 2198 S
