1837 2698
667 296 830 329 PONTIS
852 295 1210 328 DUNKELDENSIS.
1509 283 1575 332 119

301 404 476 449 Stephano
494 405 667 450 Lindesay
684 418 748 450 pro
765 407 926 440 ductione
944 405 1087 440 sedecim
1106 407 1224 439 axium
1247 405 1332 437 alias
1350 402 1396 437 lie
1409 402 1538 437 exn-eis
1556 416 1575 436 a

300 485 498 518 Crannocht
517 487 559 518 ad
584 498 670 530 opus
688 488 803 530 pontis
821 488 869 531 xij
889 485 922 520 d.
974 487 1023 521 Et
1040 487 1062 520 J
1065 487 1194 520 ohanni
1213 486 1317 531 Rogy
1333 497 1397 529 pro
1415 486 1575 519 ductione

298 567 478 599 duodecim
497 565 543 600 lie
546 566 688 609 sthoris
705 570 747 601 ad
766 567 811 602 lie
828 567 987 601 bulwarlc
1003 580 1023 601 a
1042 566 1127 602 filva
1144 569 1186 602 de
1205 568 1277 601 Tor
1291 568 1351 612 viij
1371 565 1403 600 d.
1430 567 1480 601 Et
1493 568 1576 600 allo-

298 652 396 680 catur
414 648 524 680 eidem
542 660 604 692 per
622 649 864 682 liberacionem
882 649 1009 682 factam
1028 660 1091 692 pro
1110 648 1217 681 securi
1231 646 1409 693 cujusdam
1424 648 1574 681 hominis

297 729 341 761 ad
357 740 442 772 opus
461 730 576 772 pontis
589 741 631 762 ex
649 735 772 763 mutuo
785 730 904 763 habito
918 735 953 763 et
966 729 1082 763 furato
1100 730 1124 774 ij
1145 732 1169 761 ἔ.
1220 728 1270 762 Et
1282 730 1450 762 allocatur
1463 729 1572 762 eidem

298 820 358 852 per
378 810 621 844 liberacionem
639 810 765 843 factam
780 811 817 842 in
831 811 1043 854 empcionem
1058 810 1164 842 trium
1180 820 1349 853 equorum
1363 810 1575 842 verudorum

297 891 341 923 ad
359 891 457 923 redas
478 889 546 923 five
563 891 686 936 bighas
705 902 765 934 per
783 895 920 934 tempus
938 892 1089 935 compoti
1115 892 1179 934 vig.
1197 891 1302 924 unius
1320 892 1399 934 equi
1418 891 1486 924 albi
1504 891 1576 924 Do-

703 949 726 962 or

298 970 383 1002 mini
414 969 437 1001 J
439 970 535 1003 acobi
562 970 612 1014 liij
638 973 661 1003 ἕ.
689 970 738 1014 iiij
762 968 797 1003 d.
828 970 970 1003 alterius
997 971 1076 1014 equi
1103 970 1171 1003 albi
1197 969 1220 1001 J
1222 970 1369 1003 ohannis
1396 969 1576 1015 Bynnyng

297 1049 346 1092 liij
363 1051 387 1080 ἔ.
406 1027 455 1093 {fij
476 1047 508 1082 d.
535 1054 569 1081 et
587 1050 692 1082 unius
710 1050 790 1093 equi
809 1047 911 1094 grofij
932 1049 1055 1082 coloris
1073 1050 1110 1094 iij
1130 1050 1166 1082 li.
1209 1048 1259 1081 Et
1277 1050 1445 1083 allocatur
1464 1050 1574 1082 eidem

296 1131 331 1162 in
351 1131 564 1173 empcionem
583 1131 847 1173 quatuordecim
865 1129 1073 1164 frustrorum
1095 1130 1178 1164 ferri
1193 1131 1234 1164 de
1253 1130 1448 1175 Glengarry
1462 1131 1576 1174 precio

297 1301 316 1322 a
335 1289 484 1334 Georgio
503 1290 624 1322 Broun
642 1290 679 1322 in
699 1290 828 1323 Dunde
852 1291 949 1335 xxxij
970 1293 994 1323 ἔ.
1013 1292 1049 1323 ix
1067 1288 1100 1324 d.
1152 1290 1201 1323 Et
1225 1292 1392 1324 allocatur
1410 1291 1521 1324 eidem
1539 1292 1575 1323 in

297 1372 509 1414 empcionem
528 1370 655 1414 septem
674 1368 720 1403 lie
725 1370 864 1416 Jk'a7zys
880 1372 929 1404 fili
942 1372 1001 1416 xxj
1017 1369 1049 1404 d.
1101 1371 1151 1405 Et
1168 1371 1247 1405 Fut}
1265 1376 1299 1405 et
1317 1371 1468 1405 Stewart
1485 1373 1577 1404 auri-

296 1451 349 1494 gis
368 1450 589 1493 portantibus
607 1451 739 1484 dictum
758 1451 891 1484 ferrum
909 1451 946 1484 in
964 1449 1010 1483 lie
1029 1449 1172 1495 uncqstis
1190 1463 1209 1484 a
1222 1451 1349 1484 Dunde
1366 1430 1441 1495 xi⁰i¹ij
1462 1449 1495 1484 d.
1527 1451 1576 1484 Et

297 1531 464 1563 allocatur
482 1531 592 1564 eidem
611 1532 647 1565 in
665 1532 879 1575 empcionem
893 1536 1032 1565 centum
1047 1532 1249 1577 octuaginta
1262 1542 1386 1564 novem
1401 1531 1574 1565 serrorum

296 1621 464 1654 equorum
483 1622 503 1643 a
521 1610 620 1644 fabro
639 1613 680 1644 de
704 1611 915 1656 Slogynhole
940 1617 974 1645 et
995 1612 1129 1646 duobus
1151 1613 1192 1645 de
1211 1612 1336 1645 Pertht
1359 1623 1421 1655 per
1438 1617 1574 1656 tempus

297 1692 446 1734 compoti
465 1692 553 1724 varii
571 1692 677 1734 precii
692 1693 873 1725 extenden.
889 1693 926 1725 in
944 1693 1043 1726 totali
1060 1692 1193 1726 summa
1211 1693 1254 1726 ad
1271 1693 1357 1737 xlvij
1377 1695 1402 1725 ἔ.
1422 1704 1443 1725 v
1455 1691 1486 1725 d.
1524 1691 1574 1725 Et

297 1772 332 1803 in
351 1772 563 1813 empcionem
581 1773 685 1805 unius
704 1773 834 1805 areonii
848 1772 918 1806 feni
936 1784 956 1805 a
970 1772 1120 1817 Georgio
1134 1773 1402 1816 Abbercrumby
1416 1773 1459 1806 ad
1474 1783 1575 1806 veru-

296 1852 356 1883 dos
375 1849 427 1883 xltj
441 1854 465 1883 ἔ.
513 1851 562 1884 Et
580 1863 644 1895 pro
667 1850 920 1886 constructione
937 1854 1041 1886 unius
1060 1851 1140 1886 fosse
1158 1854 1248 1886 circa
1265 1854 1356 1886 idem
1371 1854 1420 1897 xij
1440 1851 1472 1886 d.
1524 1853 1573 1886 Et

296 1933 463 1965 allocatur
481 1933 591 1965 eidem
610 1933 646 1965 in
664 1934 876 1976 empcionem
891 1937 1041 1976 quatuor
1055 1933 1267 1966 cercinarum
1281 1933 1352 1966 feni
1367 1934 1410 1966 ad
1424 1934 1571 1967 verudos

295 2023 344 2056 ιιι]
365 2014 390 2043 ἒ.
442 2012 491 2045 Et
509 2013 677 2045 allocatur
694 2013 804 2046 eidem
828 2014 866 2046 in
887 2014 1100 2056 empcionem
1118 2017 1269 2056 quatuor
1291 2013 1471 2047 frenorum
1489 2015 1572 2047 deli-

296 2092 401 2125 berat.
422 2092 557 2126 Thome
583 2093 701 2126 Sawer
732 2092 881 2138 Georgio
909 2093 1045 2137 Bernys
1063 2098 1098 2126 et
1126 2093 1328 2127 Alexandro
1354 2094 1485 2128 Catour
1508 2105 1571 2138 pro
