1837 2698
418 315 554 346 VITAE
578 315 907 347 EPISCOPORUM
930 313 1337 346 DUNKELDENSIUM.
1485 317 1518 344 17

243 425 434 459 testudine:
454 424 555 458 Vitro
572 425 748 458 decoravit
762 436 880 459 omnes
893 423 1058 458 fenestras
1071 424 1178 462 chori,
1192 428 1334 467 excepta
1348 423 1517 461 orientali,

242 505 310 539 suis
327 503 521 549 sumptibus
536 515 544 538 z
562 506 647 538 emit
664 506 804 538 mitram
819 510 854 539 et
868 506 1028 539 baculum
1041 503 1246 548 pastoralem
1259 503 1340 537 satis
1353 503 1518 547 pretiosos

242 590 277 619 et
305 587 486 620 decentes:
517 586 607 620 Erat
637 583 791 620 ecclesiae
821 597 969 631 magnus
999 584 1166 624 defensor,
1200 585 1329 618 auxilio
1362 582 1518 629 magistri

241 667 393 700 Donaldi
424 667 669 706 M‘Nachtane,
696 667 763 700 viri
790 667 929 705 literati,
955 666 1181 699 Decretorum
1208 665 1368 704 doctoris,
1399 665 1517 698 decani

241 746 504 786 Dunkeldenfis‚
528 752 562 781 et
586 748 720 791 nepotis
743 748 824 780 dicti
849 746 994 791 episcopi
1018 757 1060 779 ex
1082 745 1204 780 sorore.
1257 745 1325 779 Hic
1344 745 1518 779 Robertus

240 826 416 872 episcopus
430 828 525 861 dedit
538 828 574 860 in
588 827 804 861 excambium
818 832 928 861 terras
941 828 983 860 de
997 827 1141 861 Cammo
1159 827 1251 860 infra
1263 826 1462 870 parochiam
1477 827 1518 859 de

240 908 463 947 Crawmund,
480 919 544 952 pro
561 909 650 942 turri
674 907 825 953 ejusdem
848 912 882 941 et
900 919 1009 952 parva
1025 908 1220 951 quantitate
1243 913 1355 940 terrae
1373 908 1519 940 circum-

234 989 392 1033 jacentis,
411 993 444 1022 et
463 988 618 1022 similiter
635 994 746 1022 terras
763 989 805 1021 de
823 988 924 1033 Logy
941 1000 1047 1032 prope
1065 987 1333 1034 Dunfermeling
1357 989 1394 1021 in
1411 988 1518 1021 feodi-

238 1068 348 1107 firma,
368 1080 433 1112 pro
458 1080 574 1102 annuo
596 1070 734 1102 redditu
756 1070 904 1102 duarum
928 1080 1132 1108 mercarum,
1155 1066 1351 1113 irrequisito
1375 1069 1516 1112 capituli

239 1148 408 1183 consensu.
460 1149 509 1183 Et
532 1150 672 1183 tandem
695 1151 817 1193 plenus
840 1151 986 1189 dierum,
1008 1150 1044 1183 in
1068 1150 1247 1193 proplexia
1270 1148 1458 1188 subitanee,
1485 1153 1517 1182 et

239 1234 280 1262 ut
296 1230 427 1263 dictum
445 1229 494 1263 est
510 1230 757 1264 famulantium
775 1231 920 1270 incuria,
938 1241 980 1263 ex
998 1231 1085 1263 lecto
1103 1231 1239 1269 cadens,
1257 1230 1406 1263 moritur
1424 1230 1517 1273 apud

239 1309 458 1349 Dunkelden,
479 1312 610 1344 decimo
633 1310 727 1344 sexto
744 1310 914 1350 Januarii,
938 1322 1028 1344 anno
1052 1311 1183 1344 domini
1206 1308 1386 1343 millesimo
1408 1311 1517 1354 quad-

239 1389 482 1436 ringentefimo
496 1389 671 1436 trigesimo
684 1390 799 1431 sexto3
815 1397 848 1424 et
863 1392 898 1424 in
913 1391 972 1425 suo
986 1396 1210 1425 monumento
1224 1391 1395 1435 lapidibus
1409 1390 1518 1435 sculp-

240 1476 288 1510 to,
313 1472 347 1504 in
374 1471 492 1504 sacella
519 1471 636 1505 Sancti
664 1471 818 1510 Niniani,
844 1483 948 1515 quam
974 1471 1043 1515 ipse
1069 1470 1271 1510 construxit,
1299 1471 1459 1504 fundavit
1484 1477 1515 1504 et

240 1552 384 1591 dotavit,
402 1552 587 1585 honorifice
606 1551 775 1595 sepelitur.
827 1551 892 1585 Cui
910 1549 1060 1585 succeffit

290 1794 682 1828 MAKNACHTANE
698 1794 977 1834 DONALDUS,
988 1795 1215 1828 Decretorum
1228 1795 1356 1833 doctor,
1368 1795 1515 1828 decanus

241 1873 504 1913 Dunkeldenfis‚
521 1880 555 1908 et
572 1876 655 1908 dicti
673 1875 816 1908 Roberti
831 1874 976 1918 episcopi
997 1887 1102 1919 nepos
1120 1887 1162 1908 ex
1180 1874 1292 1908 sorore
1310 1875 1514 1918 praedictus,

240 1957 299 2000 qui
318 1967 379 1999 per
398 1956 588 1998 capitulum
606 1956 742 1993 electus,
761 1955 955 1988 Romanam
974 1956 1106 1989 curiam
1128 1967 1191 1998 pro
1209 1956 1371 1988 electione
1395 1956 1516 1988 confir-

241 2037 366 2070 manda
384 2036 494 2079 petiit.
545 2035 610 2068 Sed
631 2033 693 2068 iste
712 2036 766 2068 vir
786 2046 933 2080 magnus
951 2040 985 2068 et
1003 2036 1135 2074 doctus,
1152 2036 1342 2074 Donaldus,
1360 2040 1514 2079 tempore

242 2117 402 2150 avunculi
420 2115 481 2154 sui,
505 2120 707 2158 procurator
726 2121 757 2148 et
782 2117 878 2160 pugil
903 2114 1056 2149 ecclesiae
1074 2116 1141 2149 fuit
1159 2117 1193 2149 in
1215 2114 1355 2161 lingulis
1374 2117 1513 2150 litibus:

872 2190 892 2211 c

1541 1309 1623 1340 A.D.
1644 1312 1734 1341 1436.
