1837 2698
431 311 569 343 VITAE
592 309 923 343 EPISCOPORUM
946 307 1351 340 DUNKELDENSIUM.
1483 311 1526 342 51

212 460 215 463 ,
253 433 349 455 mum
366 422 485 455 eodem
503 421 525 454 J
528 421 662 455 ohanne
681 422 804 455 comite
822 420 988 459 Atholiae,
1005 420 1089 463 quia
1112 420 1240 452 dictam
1258 417 1433 450 dominam
1454 416 1529 449 Ma-

253 503 375 536 tildam
394 501 610 546 irrequifitus
629 501 807 536 restituere
829 513 898 535 non
918 501 1114 544 temptavit,
1137 504 1257 532 contra
1275 510 1352 531 eum
1378 503 1411 531 et
1433 496 1528 530 suam

251 581 465 622 comitill'am,
488 583 613 627 quibus
640 583 676 616 in
704 582 896 616 minoribus
922 580 1128 615 constitutus
1151 584 1272 625 gratus
1298 584 1382 618 erat,
1410 577 1530 611 irasce-

252 665 364 698 batur.
416 664 526 709 Cujus
552 665 605 697 ira
630 669 664 697 et
695 664 814 697 calculi
845 663 998 702 morbus,
1025 668 1058 696 et
1084 660 1156 695 fitis
1182 662 1276 694 ultra
1301 671 1405 705 quam
1437 660 1529 693 credi

251 745 372 788 potest,
390 751 538 780 mortem
563 747 795 779 accelerarunt
813 759 821 787 3
850 750 883 779 et
901 746 977 778 ideo
995 745 1136 788 cupiens
1160 744 1298 787 quietus
1318 743 1445 781 vivere,
1463 742 1528 775 hoc

251 829 458 861 calamitatis
481 833 645 871 tempore,
670 826 814 860 insulam
840 827 881 860 de
903 826 1015 870 Clony
1033 826 1142 865 adiit3
1169 825 1229 858 ubi
1247 822 1376 857 Christi
1403 823 1530 856 nativi-

251 915 358 942 tatem
384 909 570 942 honorifice
594 909 630 941 in
656 910 787 952 capella
811 909 876 941 loci
902 913 936 941 et
962 908 1042 940 aula
1068 907 1202 951 peregit
1227 904 1308 939 satis
1331 904 1529 942 solennem;

249 996 384 1024 tantam
402 989 580 1034 passusque
598 988 700 1029 sitim,
715 991 775 1023 vix
789 994 935 1034 poterat,
949 990 1004 1022 die
1018 989 1125 1022 natali
1144 988 1286 1027 domini,
1299 985 1432 1020 miss'am
1447 988 1530 1020 eele-

248 1073 382 1106 brando
400 1073 585 1116 perficere3
613 1077 647 1105 et
668 1071 743 1116 post
762 1072 967 1115 epiphaniae
991 1069 1128 1109 festum,
1150 1071 1243 1103 illius
1268 1069 1361 1103 infra
1379 1074 1529 1107 octavas,

253 1155 364 1199 coepit
383 1153 414 1187 se
432 1154 532 1198 pejus
550 1154 677 1187 habere
692 1164 700 1193 3
728 1152 784 1186 sed
802 1153 909 1186 finitis
923 1150 1003 1196 ipfis
1022 1152 1163 1191 octavis,
1181 1152 1236 1185 die
1253 1149 1384 1184 sabbati
1403 1151 1530 1183 duode-

250 1237 339 1269 cimo
362 1235 535 1274 Januarii,
562 1247 652 1268 anno
679 1236 864 1279 praedicto,
892 1232 1070 1268 millefimo
1096 1231 1371 1279 quingentesimo
1398 1234 1529 1267 decimo

251 1321 388 1361 quarto,
406 1317 492 1349 mihi
511 1317 690 1350 mandavit
707 1321 829 1360 parata
846 1316 983 1353 habere,
997 1327 1060 1360 pro
1073 1316 1192 1349 altaris
1204 1320 1238 1348 et
1255 1319 1429 1348 extremae
1447 1326 1529 1348 unc-

253 1399 357 1431 tionis
385 1397 617 1437 sacramentis,
635 1399 752 1431 omnia
775 1396 967 1437 necess'aria,
988 1396 1119 1441 fibique
1142 1397 1337 1441 expeditius
1360 1397 1402 1430 de
1428 1408 1528 1430 mane

252 1478 412 1519 crastino,
435 1480 608 1513 dominica
626 1479 753 1514 scilicet
776 1480 842 1521 die,
860 1480 1061 1520 attendere3
1088 1477 1201 1523 ficque
1219 1479 1350 1512 factum
1369 1476 1428 1511 est.
1479 1477 1529 1511 Et

253 1574 354 1597 mane
384 1567 465 1596 ante
494 1563 615 1596 horam
647 1561 788 1601 sextam,
818 1563 930 1606 primo
958 1562 1033 1607 ejus
1064 1559 1304 1595 confeffionem
1334 1560 1464 1599 audivi,
1495 1564 1527 1592 et

249 1643 472 1678 absolutionis
498 1644 702 1677 beneficium
725 1644 835 1677 eidem
863 1641 1102 1676 contritiffimo
1128 1643 1170 1675 de
1196 1641 1356 1675 omnibus
1382 1641 1528 1684 peccatis

248 1726 412 1769 impendi,
431 1723 563 1759 missam
582 1725 763 1764 celebravi,
786 1730 820 1758 et
843 1736 921 1758 eum
945 1724 1039 1758 infra
1061 1721 1238 1758 missarum
1261 1723 1417 1756 solennia
1439 1733 1529 1755 com-

250 1807 438 1840 municavi.
482 1806 560 1840 Hac
578 1807 633 1840 die
651 1806 775 1840 habuit
788 1807 971 1850 aliqualem
986 1805 1152 1850 requiem,
1166 1804 1223 1838 sed
1236 1807 1369 1837 noctem
1389 1802 1529 1846 sequen-

249 1894 319 1921 tem
347 1886 561 1931 insompnem
588 1887 712 1927 duxit3
741 1898 859 1931 quare,
877 1887 967 1920 circa
984 1887 1094 1920 noctis
1114 1886 1279 1924 medium,
1302 1882 1462 1922 surrexit,
1484 1889 1528 1921 et,

250 1968 335 2002 ficut
353 1967 486 2012 semper
502 1966 583 2001 usus
601 1966 660 2007 est,
678 1966 907 2001 honestissime
921 1966 1029 2000 vestes
1047 1967 1182 2006 induit3
1202 1972 1236 1999 et
1250 1970 1370 1999 vocato
1389 1965 1528 1998 domino

249 2050 380 2084 Jacobo
412 2048 625 2089 Henrisoun,
653 2049 795 2082 barbam
822 2047 885 2082 sibi
910 2049 983 2082 fieri
1009 2048 1113 2088 fecit;
1141 2059 1210 2092 qua
1234 2047 1336 2086 faeta,
1361 2046 1461 2085 dixit,
1488 2047 1529 2079 de

249 2132 401 2176 quodam
420 2137 503 2165 tunc
526 2132 637 2175 pridie
661 2129 816 2175 suspenso
840 2130 973 2175 Makay
990 2131 1140 2169 nomine,
1167 2133 1187 2147 “
1205 2129 1294 2164 Ecce
1317 2129 1437 2162 laudes
1455 2128 1528 2161 Deo
