1837 2698
436 326 574 358 VITAE
597 325 924 358 EPISCOPORUM
946 323 1352 357 DUNKELDENSIUM.
1485 325 1529 359 63

252 438 407 481 ceptione
425 435 548 470 senior.
602 437 669 470 Hic
688 438 753 476 vir,
770 438 849 470 licet
875 448 944 470 non
970 436 1089 469 multis
1113 435 1269 468 abundat
1286 433 1528 467 beneficiorum

252 519 503 556 emolumentis,
521 518 688 551 familiam
701 523 817 551 tamen
831 518 1021 551 amicorum
1035 516 1116 550 satis
1135 517 1268 561 largam
1283 515 1378 548 fovet
1393 525 1402 554 3
1429 515 1466 547 in
1480 518 1530 546 ta-

253 600 334 633 bula
346 601 446 632 vultu
464 599 567 632 hilari
585 600 794 632 convivans:
814 598 974 632 Mansurn
993 598 1090 631 suum
1113 609 1133 631 a
1150 597 1264 641 primo
1281 596 1394 640 lapide
1412 592 1531 628 clausit

253 686 288 713 et
305 678 497 713 construxit
515 691 523 720 ;
545 680 786 713 fundationem
805 680 1012 723 capellaniae
1031 679 1148 712 Sancti
1163 678 1271 717 Petri,
1288 689 1350 722 per
1366 681 1531 721 patruum

253 762 351 794 suum
378 763 556 794 dominum
581 761 603 793 J
606 761 749 794 acobum
777 761 894 794 Lacok
920 761 1161 793 cancellarium
1188 760 1381 797 fundatam,
1414 769 1529 792 annuo

253 842 353 876 censu
372 843 498 888 viginti
516 842 703 876 solidorum
721 843 830 875 auxit.

304 1084 735 1118 PRAEBENDARIUS
770 1085 875 1124 Crief,
911 1083 1079 1130 Magister
1113 1084 1313 1118 Alexander
1352 1084 1535 1123 Monereif,

253 1166 407 1200 mansum
427 1166 641 1210 praebendae
658 1165 748 1205 suae,
769 1171 849 1200 ante
867 1167 942 1211 ejus
960 1167 1214 1210 promotionem
1232 1168 1269 1200 in
1286 1166 1367 1200 usus
1385 1166 1532 1211 Georgei

254 1246 399 1292 episcopi
426 1247 649 1291 applicatum,
676 1246 832 1291 episcopo
850 1246 882 1280 se
900 1248 936 1280 in
954 1247 1018 1280 hoc
1037 1246 1114 1281 casu
1133 1249 1285 1292 capitulo
1302 1248 1534 1287 submittente,

254 1329 481 1371 recuperavit,
501 1333 533 1361 et
549 1340 568 1361 a
581 1328 818 1362 fundamentis
836 1326 956 1362 claufit
974 1333 1007 1362 et
1025 1327 1226 1363 construxit.

304 1571 732 1605 PRAEBENDARIUS
749 1573 791 1606 de
810 1573 1005 1612 Menmure,
1030 1572 1199 1619 Magister
1216 1572 1394 1607 WValterus
1413 1573 1533 1613 Lessie,

254 1658 366 1686 rector
391 1654 432 1686 de
459 1653 556 1686 Blair
582 1654 619 1686 in
645 1653 802 1693 Atholia,
827 1659 862 1687 et
892 1654 978 1688 sedis
1002 1652 1255 1688 Dunkeldenfis
1285 1654 1531 1689 commissarius

255 1736 435 1779 generalis,
454 1736 508 1768 vir
526 1747 568 1768 ex
585 1741 734 1779 utroque
757 1741 900 1779 parente
917 1736 1053 1775 nobilis,
1072 1735 1128 1769 sed
1145 1735 1205 1769 sua
1227 1735 1395 1780 sapientia
1412 1742 1446 1770 et
1464 1738 1531 1770 elo-

255 1817 397 1859 quentia
427 1818 576 1850 multum
608 1817 779 1857 nobilior;
812 1816 969 1850 mansum
999 1816 1110 1856 suum,
1140 1818 1281 1851 omnino
1311 1818 1468 1850 dirutum
1499 1823 1532 1851 et

256 1895 403 1936 vastum,
426 1909 527 1931 muro
545 1895 708 1931 conclusit
726 1899 872 1941 lapideo,
891 1903 925 1932 et
943 1899 1060 1932 omnia
1077 1898 1148 1931 illic
1165 1898 1320 1932 aedificia
1337 1902 1373 1932 et
1389 1899 1529 1932 hortum

256 1977 334 2012 satis
349 1979 522 2022 placidum
542 1977 668 2012 struxit
683 1989 692 2018 ς
720 1980 775 2012 vir
788 1979 1001 2013 domicilium
1020 1978 1152 2023 semper
1168 1979 1301 2019 fovens,
1319 1979 1529 2023 pauperibus

256 2065 327 2092 tam
353 2061 499 2103 pecunia
519 2071 625 2104 quam
642 2060 851 2094 victualibus
878 2061 1027 2094 multum
1054 2060 1228 2094 liberalis:
1255 2058 1426 2094 Ecclefiae
1452 2071 1529 2104 cap-

255 2152 336 2184 pam
353 2140 505 2181 sericam,
524 2142 638 2175 blovio
657 2140 822 2180 damasco,
843 2141 1044 2176 lateralibus
1063 2141 1208 2176 fimbriis
1230 2141 1452 2188 ymaginibus
1470 2141 1529 2176 ob-
