1837 2698
277 313 322 347 60
456 311 594 343 VITAE
617 312 945 344 EPISCOPORUM
966 311 1369 344 DUNKELDENSIUM.

276 423 361 456 adeo
379 423 565 465 reparavit,
584 426 634 461 ut,
652 420 729 466 post
748 422 867 455 decani
886 422 1064 466 palatium,
1083 422 1174 456 inter
1192 423 1434 456 canonicorum
1452 431 1549 454 man-

276 500 384 537 fiones
402 499 634 536 honestiffima
648 503 876 546 judicaretur.

323 736 734 771 ARCHIDIACONUS
757 736 925 782 Magister
949 737 1125 782 Georgeus
1149 736 1272 776 Ferne,
1296 735 1444 780 Georgei
1461 736 1549 779 epis-

275 819 351 862 copi
381 830 486 862 nepos
512 830 555 852 ex
580 818 703 857 sorore,
730 830 772 852 ex
797 819 956 863 partibus
981 817 1219 852 transmarinis
1249 818 1394 856 rediens,
1421 818 1458 849 in
1488 817 1549 848 lite

274 899 583 938 archidiaconatus,
610 900 790 933 victoriam
816 904 935 933 contra
960 898 1157 932 Johannem
1179 898 1371 931 Carwenall
1392 897 1549 942 Anglum

275 985 467 1024 reportans,
492 979 649 1014 mansum
676 980 974 1013 archidiaconatus
997 980 1144 1012 interius
1167 980 1202 1012 in
1228 979 1336 1012 muris
1363 978 1549 1021 reparavit,

275 1063 420 1095 coelavit
438 1066 472 1095 et
492 1062 658 1105 depinxit.
709 1061 910 1094 Oratorium
928 1062 1075 1094 interius
1092 1065 1126 1094 et
1143 1060 1387 1093 domunculam
1400 1063 1434 1092 et
1444 1058 1551 1092 fenes-

275 1147 365 1175 tram
378 1154 398 1175 a
408 1142 646 1175 fundamentis
660 1141 853 1175 construxit
864 1146 899 1175 et
912 1142 1107 1185 reparavit:
1126 1152 1271 1185 cappam
1282 1139 1422 1174 sericam
1435 1139 1550 1173 albam

275 1224 317 1256 de
335 1224 501 1262 dammas,
519 1234 598 1256 cum
620 1223 766 1255 fimbriis
790 1222 1012 1267 ymaginibus
1036 1221 1164 1254 obsutis
1188 1221 1303 1261 dedit3
1330 1221 1486 1259 tetendit,
1510 1225 1551 1253 ut

275 1304 406 1347 semper
421 1304 566 1342 dixerat,
580 1304 617 1336 in
628 1301 764 1336 ecclesia
778 1300 1024 1341 Dunkeldenfi,
1038 1303 1252 1345 capellanum
1264 1276 1305 1335 in.
1312 1302 1412 1334 divae
1429 1301 1551 1334 matris

276 1384 401 1418 Annae
418 1385 596 1423 honorem,
614 1388 818 1427 perpetuare
837 1394 846 1423 3
873 1382 928 1416 sed
952 1387 1062 1416 morte
1080 1383 1242 1416 avunculi
1260 1381 1453 1422 distractus,
1472 1379 1552 1415 ass‘e-

276 1467 323 1499 rit
339 1465 372 1500 se
390 1465 518 1500 Sancto
535 1464 677 1499 Andrea
695 1465 759 1498 hoc
776 1465 1076 1508 perimpleturum.

326 1706 652 1741 SUBDECANUS
679 1705 846 1752 Magister
870 1707 987 1740 David
1007 1705 1260 1750 Abercrumby,
1278 1707 1427 1750 capellae
1444 1707 1547 1740 etiam

277 1789 392 1834 regiae
409 1788 556 1822 officium
575 1799 708 1833 gerens,
727 1789 781 1821 vir
804 1789 924 1822 doctus
947 1792 981 1821 et
1005 1789 1153 1821 multum
1177 1788 1305 1833 gravis,
1323 1788 1393 1831 qui,
1411 1787 1455 1821 ob
1473 1788 1550 1821 doc-

278 1869 406 1902 trinam
426 1873 460 1902 et
476 1870 696 1914 gravitatem,
722 1867 968 1902 commissarius
991 1869 1172 1913 generaIiS,
1190 1873 1224 1902 et
1249 1870 1356 1902 totius
1381 1868 1548 1902 dioceseos

278 1948 540 1989 Dunkeldenfis,
562 1961 623 1993 per
640 1949 835 1994 Georgeum
860 1948 1066 1993 episcopum,
1092 1950 1251 1989 decanus,
1270 1948 1318 1982 est
1341 1948 1547 1994 designatus.

276 2030 335 2063 Ex
352 2032 486 2064 tantulo
504 2031 676 2070 beneficio,
694 2036 773 2064 ante
789 2030 974 2063 secundum
1000 2031 1174 2074 adeptum,
1192 2028 1419 2064 honestiffime
1436 2029 1468 2062 se
1488 2041 1546 2074 ge-

278 2122 367 2151 rens,
388 2112 521 2156 primus
539 2116 613 2145 erat
630 2112 822 2155 alpinatum
839 2116 873 2145 et
890 2110 1032 2156 agrestis
1050 2112 1169 2155 populi
1186 2108 1378 2145 excessuum
1396 2115 1430 2144 et
1450 2110 1547 2144 scele-
