1837 2698
623 288 713 320 PON
715 287 786 320 TIS
809 288 1169 320 DUNKELDENSIS.
1469 292 1486 322 1
1493 291 1535 323 21

258 403 313 431 tro
330 397 412 431 ferri
432 398 491 442 viij
508 396 541 430 d.
560 404 594 431 et
611 399 820 432 correctione
838 399 942 432 unius
957 396 1003 432 lie
1018 396 1178 443 gctve'llolt
1194 398 1218 442 ij
1234 396 1266 431 d.
1302 397 1351 431 Et
1370 397 1479 430 eidem
1498 401 1536 431 in

256 477 457 511 fractionem
476 482 510 511 et
524 478 773 512 confectionem
787 478 965 524 sexaginta
978 480 1088 512 decim
1102 477 1311 512 frustrorum
1327 478 1409 511 ferri
1422 478 1458 511 in
1469 477 1537 511 fer-

257 559 303 591 ris
321 562 478 591 rotarum
497 560 539 591 ad
558 570 666 592 novas
684 564 778 593 rotas
796 560 1032 593 confectarum
1051 560 1181 603 capien.
1199 571 1263 603 pro
1277 559 1432 603 quolibet
1450 557 1538 592 frus-

257 645 312 672 tro
331 643 370 672 ut
389 638 491 683 supra
509 641 689 673 extenden.
704 641 740 673 in
758 641 903 684 pecunia
921 641 964 674 ad
978 641 1050 685 xlvj
1071 644 1096 673 ἔ.
1115 641 1175 685 viij
1197 639 1230 673 d.
1283 640 1332 673 Et
1349 641 1459 673 eidem
1474 651 1538 684 pro

256 720 468 753 confectione
486 721 667 753 duodecim
686 719 732 754 lie
755 719 972 754 dozelbandis
989 726 1023 754 et
1049 726 1222 754 certorum
1248 722 1425 754 clavorum
1444 726 1537 754 rota-

1441 801 1489 808 ...ο

257 958 306 991 Et
325 959 435 991 eidem
461 969 524 1001 pro
542 958 754 992 confectione
782 964 954 992 certorum
973 959 1158 993 serrorum·
1173 960 1383 993 tribulorum
1401 965 1436 993 et
1453 971 1538 993 van-

255 1050 380 1084 garum
406 1051 467 1083 per
493 1044 629 1082 tempus
655 1041 806 1083 compoti
831 1038 897 1073 xx‘j
919 1039 951 1073 d.
1012 1040 1063 1074 Et
1087 1052 1151 1084 pro
1176 1038 1394 1084 impofitione
1421 1041 1531 1074 decim

255 1118 302 1153 lie
327 1118 463 1163 bzgsclzis
489 1120 526 1164 iij
555 1122 579 1154 Ξ.
631 1119 682 1153 Et
713 1121 749 1153 in
779 1121 952 1154 bibalibus
980 1122 1023 1154 ad
1048 1119 1177 1154 frustra
1200 1122 1354 1164 predicta
1372 1122 1395 1166 ij
1417 1124 1441 1155 ἔ.
1460 1133 1483 1154 x
1500 1120 1533 1155 d.

257 1200 305 1233 Et
332 1201 499 1234 allocatur
524 1201 634 1234 eidem
660 1212 721 1244 per
746 1202 989 1234 liberacionem
1018 1201 1146 1234 factam
1168 1201 1360 1245 M‘Canray
1382 1202 1537 1246 garcioni

257 1278 353 1313 miffo
366 1282 409 1314 ad
429 1281 554 1315 Pertht
571 1293 634 1324 pro
652 1281 805 1315 Patricio
824 1281 965 1315 Masone
982 1282 1128 1315 lathimo
1148 1282 1195 1326 vij
1215 1280 1248 1315 d.
1299 1281 1349 1315 Et
1368 1283 1536 1316 allocatur

257 1362 368 1394 eidem
394 1373 456 1405 per
481 1362 723 1395 liberacionem
749 1362 876 1396 factam
894 1363 1034 1396 verudis
1052 1364 1087 1396 in
1107 1363 1264 1407 gramine
1286 1367 1441 1406 tempore
1458 1362 1536 1397 esti-

258 1442 327 1474 vali
344 1442 369 1485 ij
390 1445 414 1474 3.
433 1442 493 1486 viij
514 1440 547 1475 d.
598 1442 647 1475 Et
678 1443 715 1475 in
733 1444 947 1486 empcionem
969 1444 1073 1476 unius
1097 1441 1142 1476 lie
1162 1441 1323 1488 gavillolc
1345 1455 1365 1476 a
1383 1443 1536 1478 Patricio

256 1521 382 1566 Eruyn
400 1523 483 1556 ferri
503 1534 524 1556 v
542 1526 566 1556 Ξ.
617 1523 667 1556 Et
685 1524 852 1557 allocatur
876 1525 988 1557 eidem
1014 1525 1050 1557 in
1076 1525 1290 1568 empcionem
1312 1529 1464 1569 quatuor
1489 1524 1535 1558 lie

260 1600 383 1647 hamys
401 1603 488 1647 varij
516 1604 621 1647 precij
648 1603 696 1647 xij
715 1601 749 1636 d.
800 1603 849 1637 Et
879 1605 1046 1638 allocatur
1071 1606 1182 1638 eidem
1208 1616 1269 1648 per
1294 1606 1537 1639 liberacionem

257 1683 383 1717 factam
403 1683 579 1726 Stephano
597 1683 770 1728 Lindesay
787 1695 850 1728 pro
870 1685 1073 1728 implecione
1091 1683 1137 1719 lie
1158 1683 1324 1729 Iatzclsiail
1346 1697 1389 1719 ex
1414 1687 1537 1729 lapidi-

259 1765 323 1798 bus
342 1770 376 1798 et
401 1766 544 1808 pulvere
562 1766 621 1798 xix
640 1768 664 1798 Ξ.
716 1765 765 1798 Et
791 1767 959 1799 allocatur
984 1767 1095 1799 eidem
1120 1777 1181 1810 per
1204 1767 1446 1800 liberacionem
1467 1766 1537 1800 fac-

259 1849 330 1877 tam
349 1844 540 1878 willielmo
553 1844 576 1877 J
578 1844 727 1878 ohnsone
745 1846 891 1879 lathimo
904 1847 941 1879 in
959 1847 1148 1879 mercedem
1166 1846 1293 1880 laboris
1311 1845 1361 1880 sui
1375 1845 1535 1881 existenti

259 1926 295 1957 in
322 1925 475 1968 querella
500 1930 540 1958 ut
565 1925 713 1968 lapicida
732 1936 753 1958 a
778 1926 909 1959 decimo
935 1931 1057 1960 octavo
1083 1928 1138 1960 die
1158 1925 1282 1960 menfis
1300 1927 1424 1973 Marcij
1445 1939 1536 1962 anno

261 2010 316 2037 *tc*
335 2006 369 2037 vc
386 2003 487 2048 xiiijw
504 2005 541 2037 in
557 2004 707 2049 xxiiijtum
724 2004 875 2049 ejusdem
895 2004 1018 2040 menfis
1036 2005 1200 2040 inclufive
1218 2008 1265 2053 vij
1281 2010 1306 2041 ἔ.
1356 2007 1407 2041 Et
1424 2009 1534 2042 eidem

258 2083 449 2118 Wimelmo
469 2085 554 2118 xxix
581 2083 730 2129 eJusdem
756 2083 880 2119 mensis
906 2086 1030 2131 Marcij
1056 2088 1093 2120 in
1118 2089 1309 2121 mercedem
1334 2088 1462 2123 laboris
1479 2088 1530 2123 sui
