<?xml version="1.0" encoding="UTF-8"?>
<!DOCTYPE html PUBLIC "-//W3C//DTD XHTML 1.0 Transitional//EN"
    "http://www.w3.org/TR/xhtml1/DTD/xhtml1-transitional.dtd">
<html xmlns="http://www.w3.org/1999/xhtml" xml:lang="en" lang="en">
 <head>
  <title>
</title>
<meta http-equiv="Content-Type" content="text/html;charset=utf-8" />
  <meta name='ocr-system' content='tesseract 3.04.00' />
  <meta name='ocr-capabilities' content='ocr_page ocr_carea ocr_par ocr_line ocrx_word'/>
</head>
<body>
  <div class='ocr_page' id='page_1' title='image "./vitaedunkeldensi00myln_0122.png"; bbox 0 0 1837 2698; ppageno 0'>
   <div class='ocr_carea' id='block_1_1' title="bbox 271 283 1266 325">
    <p class='ocr_par' dir='ltr' id='par_1_1' title="bbox 271 283 1266 325">
     <span class='ocr_line' id='line_1_1' title="bbox 271 283 1266 325; baseline -0.007 -5"><span class='ocrx_word' id='word_1_1' title='bbox 271 290 317 325; x_wconf 90' lang='lat'>98</span> <span class='ocrx_word' id='word_1_2' title='bbox 546 284 806 317; x_wconf 90' lang='lat' dir='ltr'>COMPOTUM</span> <span class='ocrx_word' id='word_1_3' title='bbox 828 283 1051 315; x_wconf 88' lang='lat' dir='ltr'>MAGISTRI</span> <span class='ocrx_word' id='word_1_4' title='bbox 1071 283 1266 315; x_wconf 85' lang='lat' dir='ltr'>FABRICE</span> 
     </span>
    </p>
   </div>
   <div class='ocr_carea' id='block_1_2' title="bbox 268 391 1551 2047">
    <p class='ocr_par' dir='ltr' id='par_1_2' title="bbox 268 391 1551 2047">
     <span class='ocr_line' id='line_1_2' title="bbox 271 391 1546 436; baseline -0.003 -8"><span class='ocrx_word' id='word_1_5' title='bbox 271 394 406 428; x_wconf 88' lang='lat' dir='ltr'>Thome</span> <span class='ocrx_word' id='word_1_6' title='bbox 434 393 560 427; x_wconf 85' lang='lat' dir='ltr'>Hareis</span> <span class='ocrx_word' id='word_1_7' title='bbox 590 392 756 427; x_wconf 85' lang='lat' dir='ltr'>existente</span> <span class='ocrx_word' id='word_1_8' title='bbox 782 393 819 426; x_wconf 91' lang='lat' dir='ltr'>in</span> <span class='ocrx_word' id='word_1_9' title='bbox 849 393 1009 426; x_wconf 84' lang='lat' dir='ltr'>manibus</span> <span class='ocrx_word' id='word_1_10' title='bbox 1035 392 1178 426; x_wconf 90' lang='lat' dir='ltr'>Domini</span> <span class='ocrx_word' id='word_1_11' title='bbox 1207 393 1245 426; x_wconf 91' lang='lat' dir='ltr'>in</span> <span class='ocrx_word' id='word_1_12' title='bbox 1274 403 1344 436; x_wconf 85' lang='lat' dir='ltr'>qua</span> <span class='ocrx_word' id='word_1_13' title='bbox 1369 391 1546 425; x_wconf 86' lang='lat' dir='ltr'>Iocabatur</span> 
     </span>
     <span class='ocr_line' id='line_1_3' title="bbox 270 469 1547 519; baseline -0.004 -10"><span class='ocrx_word' id='word_1_14' title='bbox 270 475 390 509; x_wconf 89' lang='lat' dir='ltr'>fenum</span> <span class='ocrx_word' id='word_1_15' title='bbox 408 475 499 519; x_wconf 87' lang='lat' dir='ltr'>prati</span> <span class='ocrx_word' id='word_1_16' title='bbox 517 475 559 507; x_wconf 89' lang='lat' dir='ltr'>de</span> <span class='ocrx_word' id='word_1_17' title='bbox 576 474 716 518; x_wconf 82' lang='lat' dir='ltr'>Dulgus</span> <span class='ocrx_word' id='word_1_18' title='bbox 735 474 771 506; x_wconf 88' lang='lat' dir='ltr'>in</span> <span class='ocrx_word' id='word_1_19' title='bbox 790 485 881 506; x_wconf 87' lang='lat' dir='ltr'>anno</span> <span class='ocrx_word' id='word_1_20' title='bbox 899 473 1030 506; x_wconf 89' lang='lat' dir='ltr'>domini</span> <span class='ocrx_word' id='word_1_21' title='bbox 1049 477 1107 506; x_wconf 52' lang='lat' dir='ltr'>*tc*</span> <span class='ocrx_word' id='word_1_22' title='bbox 1126 475 1160 506; x_wconf 77' lang='lat' dir='ltr'>vc</span> <span class='ocrx_word' id='word_1_23' title='bbox 1174 474 1233 506; x_wconf 71' lang='lat' dir='ltr'>xm⁰</span> <span class='ocrx_word' id='word_1_24' title='bbox 1246 472 1280 517; x_wconf 91' lang='lat' dir='ltr'>vj</span> <span class='ocrx_word' id='word_1_25' title='bbox 1301 474 1325 505; x_wconf 75' lang='grc' dir='ltr'>ἔ.</span> <span class='ocrx_word' id='word_1_26' title='bbox 1344 471 1404 516; x_wconf 89' lang='lat' dir='ltr'>viij</span> <span class='ocrx_word' id='word_1_27' title='bbox 1424 469 1458 504; x_wconf 81' lang='lat' dir='ltr'>d.</span> <span class='ocrx_word' id='word_1_28' title='bbox 1498 470 1547 504; x_wconf 85' lang='lat' dir='ltr'>Et</span> 
     </span>
     <span class='ocr_line' id='line_1_4' title="bbox 270 552 1546 600; baseline -0.003 -12"><span class='ocrx_word' id='word_1_29' title='bbox 270 567 331 600; x_wconf 86' lang='lat' dir='ltr'>per</span> <span class='ocrx_word' id='word_1_30' title='bbox 348 556 559 599; x_wconf 87' lang='lat' dir='ltr'>empcionem</span> <span class='ocrx_word' id='word_1_31' title='bbox 583 555 691 587; x_wconf 88' lang='lat' dir='ltr'>trium</span> <span class='ocrx_word' id='word_1_32' title='bbox 716 553 894 587; x_wconf 86' lang='lat' dir='ltr'>frenorum</span> <span class='ocrx_word' id='word_1_33' title='bbox 916 554 1031 597; x_wconf 86' lang='lat' dir='ltr'>precio</span> <span class='ocrx_word' id='word_1_34' title='bbox 1049 553 1072 598; x_wconf 91' lang='lat' dir='ltr'>ij</span> <span class='ocrx_word' id='word_1_35' title='bbox 1093 555 1118 586; x_wconf 74' lang='grc' dir='ltr'>ἔ.</span> <span class='ocrx_word' id='word_1_36' title='bbox 1168 552 1218 586; x_wconf 89' lang='lat' dir='ltr'>Et</span> <span class='ocrx_word' id='word_1_37' title='bbox 1243 553 1411 586; x_wconf 85' lang='lat' dir='ltr'>alloeatur</span> <span class='ocrx_word' id='word_1_38' title='bbox 1436 552 1546 584; x_wconf 88' lang='lat' dir='ltr'>eidem</span> 
     </span>
     <span class='ocr_line' id='line_1_5' title="bbox 270 631 1546 679; baseline -0.002 -11"><span class='ocrx_word' id='word_1_39' title='bbox 270 637 305 668; x_wconf 91' lang='lat' dir='ltr'>in</span> <span class='ocrx_word' id='word_1_40' title='bbox 323 636 537 679; x_wconf 87' lang='lat' dir='ltr'>empcionem</span> <span class='ocrx_word' id='word_1_41' title='bbox 552 632 768 679; x_wconf 70' lang='lat' dir='ltr'>liestcenyeis</span> <span class='ocrx_word' id='word_1_42' title='bbox 785 635 935 667; x_wconf 87' lang='lat' dir='ltr'>duorum</span> <span class='ocrx_word' id='word_1_43' title='bbox 953 634 995 667; x_wconf 89' lang='lat' dir='ltr'>de</span> <span class='ocrx_word' id='word_1_44' title='bbox 1012 631 1059 666; x_wconf 82' lang='lat' dir='ltr'>lie</span> <span class='ocrx_word' id='word_1_45' title='bbox 1070 631 1207 678; x_wconf 74' lang='lat' dir='ltr'>girthis</span> <span class='ocrx_word' id='word_1_46' title='bbox 1218 633 1260 666; x_wconf 88' lang='lat' dir='ltr'>ad</span> <span class='ocrx_word' id='word_1_47' title='bbox 1280 644 1384 676; x_wconf 84' lang='lat' dir='ltr'>equos</span> <span class='ocrx_word' id='word_1_48' title='bbox 1399 632 1546 665; x_wconf 77' lang='lat' dir='ltr'>vex-udos</span> 
     </span>
     <span class='ocr_line' id='line_1_6' title="bbox 270 711 1546 761; baseline -0.002 -12"><span class='ocrx_word' id='word_1_49' title='bbox 270 716 354 761; x_wconf 86' lang='lat' dir='ltr'>xviij</span> <span class='ocrx_word' id='word_1_50' title='bbox 375 714 408 749; x_wconf 84' lang='lat' dir='ltr'>d.</span> <span class='ocrx_word' id='word_1_51' title='bbox 458 715 508 749; x_wconf 89' lang='lat' dir='ltr'>Et</span> <span class='ocrx_word' id='word_1_52' title='bbox 526 717 694 749; x_wconf 83' lang='lat' dir='ltr'>allocatur</span> <span class='ocrx_word' id='word_1_53' title='bbox 710 716 821 749; x_wconf 86' lang='lat' dir='ltr'>eidem</span> <span class='ocrx_word' id='word_1_54' title='bbox 839 726 901 759; x_wconf 86' lang='lat' dir='ltr'>per</span> <span class='ocrx_word' id='word_1_55' title='bbox 918 715 1131 759; x_wconf 88' lang='lat' dir='ltr'>empcionem</span> <span class='ocrx_word' id='word_1_56' title='bbox 1154 716 1195 748; x_wconf 88' lang='lat' dir='ltr'>de</span> <span class='ocrx_word' id='word_1_57' title='bbox 1217 712 1264 747; x_wconf 82' lang='lat' dir='ltr'>lie</span> <span class='ocrx_word' id='word_1_58' title='bbox 1280 711 1422 747; x_wconf 65' lang='lat' dir='ltr'>heller-is</span> <span class='ocrx_word' id='word_1_59' title='bbox 1439 714 1546 747; x_wconf 89' lang='lat' dir='ltr'>nichil</span> 
     </span>
     <span class='ocr_line' id='line_1_7' title="bbox 269 794 1548 841; baseline -0.003 -11"><span class='ocrx_word' id='word_1_60' title='bbox 269 797 351 840; x_wconf 91' lang='lat' dir='ltr'>quia</span> <span class='ocrx_word' id='word_1_61' title='bbox 365 796 563 830; x_wconf 84' lang='lat' dir='ltr'>scribuntur</span> <span class='ocrx_word' id='word_1_62' title='bbox 574 797 612 830; x_wconf 89' lang='lat' dir='ltr'>in</span> <span class='ocrx_word' id='word_1_63' title='bbox 626 796 664 830; x_wconf 93' lang='lat' dir='ltr'>C.</span> <span class='ocrx_word' id='word_1_64' title='bbox 677 794 739 830; x_wconf 88' lang='lat' dir='ltr'>sub</span> <span class='ocrx_word' id='word_1_65' title='bbox 753 796 921 829; x_wconf 86' lang='lat' dir='ltr'>vocabulo</span> <span class='ocrx_word' id='word_1_66' title='bbox 934 794 1095 841; x_wconf 60' lang='lat' dir='ltr'>capistra.</span> <span class='ocrx_word' id='word_1_67' title='bbox 1121 795 1172 829; x_wconf 90' lang='lat' dir='ltr'>Et</span> <span class='ocrx_word' id='word_1_68' title='bbox 1185 796 1354 828; x_wconf 85' lang='lat' dir='ltr'>allocatur</span> <span class='ocrx_word' id='word_1_69' title='bbox 1365 795 1475 827; x_wconf 88' lang='lat' dir='ltr'>eidem</span> <span class='ocrx_word' id='word_1_70' title='bbox 1487 804 1548 837; x_wconf 89' lang='lat' dir='ltr'>per</span> 
     </span>
     <span class='ocr_line' id='line_1_8' title="bbox 270 872 1549 921; baseline -0.003 -10"><span class='ocrx_word' id='word_1_71' title='bbox 270 877 511 911; x_wconf 85' lang='lat' dir='ltr'>liberacionem</span> <span class='ocrx_word' id='word_1_72' title='bbox 530 877 657 911; x_wconf 84' lang='lat' dir='ltr'>factam</span> <span class='ocrx_word' id='word_1_73' title='bbox 676 876 794 910; x_wconf 84' lang='lat' dir='ltr'>Dauid</span> <span class='ocrx_word' id='word_1_74' title='bbox 812 876 939 921; x_wconf 89' lang='lat' dir='ltr'>Smyth</span> <span class='ocrx_word' id='word_1_75' title='bbox 956 874 1003 910; x_wconf 80' lang='lat' dir='ltr'>lie</span> <span class='ocrx_word' id='word_1_76' title='bbox 1019 875 1103 909; x_wconf 64' lang='lat' dir='ltr'>hor-5¹</span> <span class='ocrx_word' id='word_1_77' title='bbox 1126 872 1333 918; x_wconf 63' lang='lat' dir='ltr'>Merstlzael</span> <span class='ocrx_word' id='word_1_78' title='bbox 1347 875 1391 908; x_wconf 88' lang='lat' dir='ltr'>ad</span> <span class='ocrx_word' id='word_1_79' title='bbox 1409 872 1549 908; x_wconf 78' lang='lat' dir='ltr'>visitan-</span> 
     </span>
     <span class='ocr_line' id='line_1_9' title="bbox 268 952 1549 999; baseline -0.004 -8"><span class='ocrx_word' id='word_1_80' title='bbox 268 958 351 991; x_wconf 87' lang='lat' dir='ltr'>dum</span> <span class='ocrx_word' id='word_1_81' title='bbox 373 962 407 991; x_wconf 86' lang='lat' dir='ltr'>et</span> <span class='ocrx_word' id='word_1_82' title='bbox 423 958 616 991; x_wconf 86' lang='lat' dir='ltr'>curandum</span> <span class='ocrx_word' id='word_1_83' title='bbox 633 955 680 990; x_wconf 78' lang='lat' dir='ltr'>lie</span> <span class='ocrx_word' id='word_1_84' title='bbox 697 954 914 990; x_wconf 77' lang='lat' dir='ltr'>brozmzblair</span> <span class='ocrx_word' id='word_1_85' title='bbox 931 957 967 989; x_wconf 94' lang='lat' dir='ltr'>in</span> <span class='ocrx_word' id='word_1_86' title='bbox 985 956 1195 989; x_wconf 88' lang='lat' dir='ltr'>Dunkelden</span> <span class='ocrx_word' id='word_1_87' title='bbox 1212 957 1249 989; x_wconf 89' lang='lat' dir='ltr'>in</span> <span class='ocrx_word' id='word_1_88' title='bbox 1267 952 1422 999; x_wconf 86' lang='lat' dir='ltr'>expenfis</span> <span class='ocrx_word' id='word_1_89' title='bbox 1449 954 1549 987; x_wconf 88' lang='lat' dir='ltr'>itine-</span> 
     </span>
     <span class='ocr_line' id='line_1_10' title="bbox 268 1015 1549 1080; baseline -0.003 -10"><span class='ocrx_word' id='word_1_90' title='bbox 268 1038 316 1072; x_wconf 88' lang='lat' dir='ltr'>ris</span> <span class='ocrx_word' id='word_1_91' title='bbox 338 1042 373 1071; x_wconf 89' lang='lat' dir='ltr'>et</span> <span class='ocrx_word' id='word_1_92' title='bbox 402 1038 438 1071; x_wconf 91' lang='lat' dir='ltr'>in</span> <span class='ocrx_word' id='word_1_93' title='bbox 462 1037 653 1070; x_wconf 85' lang='lat' dir='ltr'>mercedem</span> <span class='ocrx_word' id='word_1_94' title='bbox 675 1036 803 1069; x_wconf 85' lang='lat' dir='ltr'>laboris</span> <span class='ocrx_word' id='word_1_95' title='bbox 823 1015 873 1080; x_wconf 41' lang='lat' dir='ltr'>finit]</span> <span class='ocrx_word' id='word_1_96' title='bbox 894 1038 918 1068; x_wconf 71' lang='grc' dir='ltr'>ἔ.</span> <span class='ocrx_word' id='word_1_97' title='bbox 937 1036 971 1080; x_wconf 88' lang='lat' dir='ltr'>vj</span> <span class='ocrx_word' id='word_1_98' title='bbox 991 1034 1025 1069; x_wconf 79' lang='lat' dir='ltr'>d.</span> <span class='ocrx_word' id='word_1_99' title='bbox 1087 1035 1138 1069; x_wconf 90' lang='lat' dir='ltr'>Et</span> <span class='ocrx_word' id='word_1_100' title='bbox 1161 1036 1329 1069; x_wconf 86' lang='lat' dir='ltr'>allocatur</span> <span class='ocrx_word' id='word_1_101' title='bbox 1351 1034 1462 1067; x_wconf 88' lang='lat' dir='ltr'>eidem</span> <span class='ocrx_word' id='word_1_102' title='bbox 1487 1044 1549 1076; x_wconf 90' lang='lat' dir='ltr'>per</span> 
     </span>
     <span class='ocr_line' id='line_1_11' title="bbox 268 1114 1549 1162; baseline -0.004 -10"><span class='ocrx_word' id='word_1_103' title='bbox 268 1119 481 1162; x_wconf 88' lang='lat' dir='ltr'>empcionem</span> <span class='ocrx_word' id='word_1_104' title='bbox 508 1118 695 1151; x_wconf 83' lang='lat' dir='ltr'>octodecim</span> <span class='ocrx_word' id='word_1_105' title='bbox 715 1115 761 1150; x_wconf 79' lang='lat' dir='ltr'>lie</span> <span class='ocrx_word' id='word_1_106' title='bbox 787 1115 907 1149; x_wconf 78' lang='lat' dir='ltr'>hames</span> <span class='ocrx_word' id='word_1_107' title='bbox 929 1117 1027 1150; x_wconf 86' lang='lat' dir='ltr'>vario</span> <span class='ocrx_word' id='word_1_108' title='bbox 1051 1116 1165 1160; x_wconf 86' lang='lat' dir='ltr'>precio</span> <span class='ocrx_word' id='word_1_109' title='bbox 1189 1115 1370 1148; x_wconf 80' lang='lat' dir='ltr'>extenden.</span> <span class='ocrx_word' id='word_1_110' title='bbox 1389 1115 1426 1147; x_wconf 90' lang='lat' dir='ltr'>in</span> <span class='ocrx_word' id='word_1_111' title='bbox 1449 1114 1549 1148; x_wconf 84' lang='lat' dir='ltr'>totali</span> 
     </span>
     <span class='ocr_line' id='line_1_12' title="bbox 268 1195 1550 1243; baseline -0.003 -11"><span class='ocrx_word' id='word_1_112' title='bbox 268 1198 400 1232; x_wconf 83' lang='lat' dir='ltr'>summa</span> <span class='ocrx_word' id='word_1_113' title='bbox 420 1199 463 1231; x_wconf 89' lang='lat' dir='ltr'>ad</span> <span class='ocrx_word' id='word_1_114' title='bbox 482 1199 504 1243; x_wconf 84' lang='lat' dir='ltr'>ij</span> <span class='ocrx_word' id='word_1_115' title='bbox 525 1201 550 1231; x_wconf 71' lang='grc' dir='ltr'>ἔ.</span> <span class='ocrx_word' id='word_1_116' title='bbox 568 1210 592 1231; x_wconf 81' lang='lat' dir='ltr'>x</span> <span class='ocrx_word' id='word_1_117' title='bbox 608 1196 642 1231; x_wconf 83' lang='lat' dir='ltr'>d.</span> <span class='ocrx_word' id='word_1_118' title='bbox 690 1197 739 1231; x_wconf 89' lang='lat' dir='ltr'>Et</span> <span class='ocrx_word' id='word_1_119' title='bbox 763 1198 932 1231; x_wconf 84' lang='lat' dir='ltr'>allocatur</span> <span class='ocrx_word' id='word_1_120' title='bbox 954 1197 1065 1230; x_wconf 85' lang='lat' dir='ltr'>eidem</span> <span class='ocrx_word' id='word_1_121' title='bbox 1083 1207 1145 1240; x_wconf 88' lang='lat' dir='ltr'>per</span> <span class='ocrx_word' id='word_1_122' title='bbox 1162 1196 1404 1229; x_wconf 83' lang='lat' dir='ltr'>liberacionem</span> <span class='ocrx_word' id='word_1_123' title='bbox 1421 1195 1550 1228; x_wconf 88' lang='lat' dir='ltr'>factam</span> 
     </span>
     <span class='ocr_line' id='line_1_13' title="bbox 270 1274 1548 1322; baseline -0.003 -10"><span class='ocrx_word' id='word_1_124' title='bbox 270 1278 344 1312; x_wconf 84' lang='lat' dir='ltr'>Fod</span> <span class='ocrx_word' id='word_1_125' title='bbox 374 1279 558 1312; x_wconf 85' lang='lat' dir='ltr'>verudario</span> <span class='ocrx_word' id='word_1_126' title='bbox 589 1279 626 1312; x_wconf 89' lang='lat' dir='ltr'>in</span> <span class='ocrx_word' id='word_1_127' title='bbox 650 1277 708 1312; x_wconf 84' lang='lat' dir='ltr'>sex</span> <span class='ocrx_word' id='word_1_128' title='bbox 731 1289 901 1322; x_wconf 88' lang='lat' dir='ltr'>equorum</span> <span class='ocrx_word' id='word_1_129' title='bbox 924 1277 1094 1311; x_wconf 85' lang='lat' dir='ltr'>lodicibus</span> <span class='ocrx_word' id='word_1_130' title='bbox 1117 1274 1200 1310; x_wconf 74' lang='lat' dir='ltr'>with</span> <span class='ocrx_word' id='word_1_131' title='bbox 1217 1274 1301 1310; x_wconf 73' lang='lat' dir='ltr'>hors</span> <span class='ocrx_word' id='word_1_132' title='bbox 1321 1274 1409 1309; x_wconf 72' lang='lat' dir='ltr'>lmus</span> <span class='ocrx_word' id='word_1_133' title='bbox 1436 1276 1497 1320; x_wconf 90' lang='lat' dir='ltr'>viij</span> <span class='ocrx_word' id='word_1_134' title='bbox 1523 1278 1548 1309; x_wconf 70' lang='grc' dir='ltr'>ἓ.</span> 
     </span>
     <span class='ocr_line' id='line_1_14' title="bbox 270 1356 1549 1403; baseline -0.002 -10"><span class='ocrx_word' id='word_1_135' title='bbox 270 1360 318 1394; x_wconf 86' lang='lat' dir='ltr'>Et</span> <span class='ocrx_word' id='word_1_136' title='bbox 336 1361 505 1394; x_wconf 82' lang='lat' dir='ltr'>allocatui·</span> <span class='ocrx_word' id='word_1_137' title='bbox 519 1360 630 1393; x_wconf 84' lang='lat' dir='ltr'>eidem</span> <span class='ocrx_word' id='word_1_138' title='bbox 649 1371 711 1403; x_wconf 85' lang='lat' dir='ltr'>per</span> <span class='ocrx_word' id='word_1_139' title='bbox 724 1359 968 1393; x_wconf 87' lang='lat' dir='ltr'>liberacionem</span> <span class='ocrx_word' id='word_1_140' title='bbox 982 1358 1110 1392; x_wconf 84' lang='lat' dir='ltr'>factam</span> <span class='ocrx_word' id='word_1_141' title='bbox 1129 1358 1294 1401; x_wconf 81' lang='lat' dir='ltr'>operariis</span> <span class='ocrx_word' id='word_1_142' title='bbox 1311 1356 1549 1391; x_wconf 82' lang='lat' dir='ltr'>laborantibus</span> 
     </span>
     <span class='ocr_line' id='line_1_15' title="bbox 269 1437 1549 1486; baseline -0.003 -12"><span class='ocrx_word' id='word_1_143' title='bbox 269 1442 358 1474; x_wconf 86' lang='lat' dir='ltr'>circa</span> <span class='ocrx_word' id='word_1_144' title='bbox 387 1441 523 1486; x_wconf 86' lang='lat' dir='ltr'>jactum</span> <span class='ocrx_word' id='word_1_145' title='bbox 555 1451 642 1484; x_wconf 88' lang='lat' dir='ltr'>aque</span> <span class='ocrx_word' id='word_1_146' title='bbox 675 1451 718 1473; x_wconf 78' lang='lat' dir='ltr'>ex</span> <span class='ocrx_word' id='word_1_147' title='bbox 748 1444 847 1483; x_wconf 85' lang='lat' dir='ltr'>parte</span> <span class='ocrx_word' id='word_1_148' title='bbox 882 1437 1024 1472; x_wconf 82' lang='lat' dir='ltr'>australi</span> <span class='ocrx_word' id='word_1_149' title='bbox 1053 1450 1141 1483; x_wconf 86' lang='lat' dir='ltr'>aque</span> <span class='ocrx_word' id='word_1_150' title='bbox 1170 1438 1212 1471; x_wconf 84' lang='lat' dir='ltr'>de</span> <span class='ocrx_word' id='word_1_151' title='bbox 1244 1437 1344 1482; x_wconf 85' lang='lat' dir='ltr'>Taya</span> <span class='ocrx_word' id='word_1_152' title='bbox 1371 1449 1391 1470; x_wconf 87' lang='lat' dir='ltr'>a</span> <span class='ocrx_word' id='word_1_153' title='bbox 1418 1438 1549 1471; x_wconf 89' lang='lat' dir='ltr'>decimo</span> 
     </span>
     <span class='ocr_line' id='line_1_16' title="bbox 269 1516 1549 1564; baseline -0.003 -10"><span class='ocrx_word' id='word_1_154' title='bbox 269 1527 391 1555; x_wconf 86' lang='lat' dir='ltr'>octavo</span> <span class='ocrx_word' id='word_1_155' title='bbox 409 1522 463 1554; x_wconf 84' lang='lat' dir='ltr'>die</span> <span class='ocrx_word' id='word_1_156' title='bbox 481 1518 607 1554; x_wconf 76' lang='lat' dir='ltr'>mensis</span> <span class='ocrx_word' id='word_1_157' title='bbox 627 1520 761 1560; x_wconf 86' lang='lat' dir='ltr'>Martii,</span> <span class='ocrx_word' id='word_1_158' title='bbox 779 1521 861 1553; x_wconf 86' lang='lat' dir='ltr'>anni</span> <span class='ocrx_word' id='word_1_159' title='bbox 886 1525 943 1553; x_wconf 57' lang='lat' dir='ltr'>‘&#39;cc0</span> <span class='ocrx_word' id='word_1_160' title='bbox 962 1521 996 1552; x_wconf 78' lang='lat' dir='ltr'>v⁰</span> <span class='ocrx_word' id='word_1_161' title='bbox 1013 1516 1081 1564; x_wconf 75' lang='lat' dir='ltr'>xj&#39;ni</span> <span class='ocrx_word' id='word_1_162' title='bbox 1100 1520 1136 1552; x_wconf 87' lang='lat' dir='ltr'>in</span> <span class='ocrx_word' id='word_1_163' title='bbox 1160 1519 1250 1552; x_wconf 86' lang='lat' dir='ltr'>diem</span> <span class='ocrx_word' id='word_1_164' title='bbox 1268 1519 1431 1551; x_wconf 89' lang='lat' dir='ltr'>ultimum</span> <span class='ocrx_word' id='word_1_165' title='bbox 1449 1517 1472 1550; x_wconf 89' lang='lat' dir='ltr'><strong>J</strong></span> <span class='ocrx_word' id='word_1_166' title='bbox 1474 1518 1549 1562; x_wconf 83' lang='lat' dir='ltr'>ulij,</span> 
     </span>
     <span class='ocr_line' id='line_1_17' title="bbox 270 1598 1548 1646; baseline -0.002 -12"><span class='ocrx_word' id='word_1_167' title='bbox 270 1602 352 1635; x_wconf 89' lang='lat' dir='ltr'>anni</span> <span class='ocrx_word' id='word_1_168' title='bbox 376 1607 434 1634; x_wconf 46' lang='lat'>‘10⁰</span> <span class='ocrx_word' id='word_1_169' title='bbox 458 1603 492 1634; x_wconf 76' lang='lat' dir='ltr'>vc</span> <span class='ocrx_word' id='word_1_170' title='bbox 518 1598 599 1646; x_wconf 74' lang='lat' dir='ltr'>xijmi</span> <span class='ocrx_word' id='word_1_171' title='bbox 626 1599 772 1634; x_wconf 83' lang='lat' dir='ltr'>testante</span> <span class='ocrx_word' id='word_1_172' title='bbox 798 1600 888 1633; x_wconf 86' lang='lat' dir='ltr'>libro</span> <span class='ocrx_word' id='word_1_173' title='bbox 912 1599 1055 1633; x_wconf 90' lang='lat' dir='ltr'>Domini</span> <span class='ocrx_word' id='word_1_174' title='bbox 1081 1598 1202 1632; x_wconf 84' lang='lat' dir='ltr'>Jacobi</span> <span class='ocrx_word' id='word_1_175' title='bbox 1228 1598 1380 1631; x_wconf 83' lang='lat' dir='ltr'>Laudeir</span> <span class='ocrx_word' id='word_1_176' title='bbox 1405 1598 1548 1642; x_wconf 85' lang='lat' dir='ltr'>prefecti</span> 
     </span>
     <span class='ocr_line' id='line_1_18' title="bbox 270 1678 1550 1727; baseline -0.003 -12"><span class='ocrx_word' id='word_1_177' title='bbox 270 1683 383 1726; x_wconf 85' lang='lat' dir='ltr'>operis</span> <span class='ocrx_word' id='word_1_178' title='bbox 407 1682 553 1726; x_wconf 85' lang='lat' dir='ltr'>predicti</span> <span class='ocrx_word' id='word_1_179' title='bbox 575 1682 659 1727; x_wconf 80' lang='lat' dir='ltr'><strong>xxxj</strong></span> <span class='ocrx_word' id='word_1_180' title='bbox 680 1682 714 1714; x_wconf 90' lang='lat' dir='ltr'>li.</span> <span class='ocrx_word' id='word_1_181' title='bbox 733 1681 795 1726; x_wconf 83' lang='lat' dir='ltr'>xiij</span> <span class='ocrx_word' id='word_1_182' title='bbox 816 1684 840 1713; x_wconf 73' lang='grc' dir='ltr'>Ξ.</span> <span class='ocrx_word' id='word_1_183' title='bbox 859 1692 882 1713; x_wconf 86' lang='lat' dir='ltr'>x</span> <span class='ocrx_word' id='word_1_184' title='bbox 899 1678 932 1713; x_wconf 84' lang='lat' dir='ltr'>d.</span> <span class='ocrx_word' id='word_1_185' title='bbox 984 1678 1035 1712; x_wconf 89' lang='lat' dir='ltr'>Et</span> <span class='ocrx_word' id='word_1_186' title='bbox 1058 1680 1227 1713; x_wconf 84' lang='lat' dir='ltr'>allocatur</span> <span class='ocrx_word' id='word_1_187' title='bbox 1253 1679 1364 1712; x_wconf 84' lang='lat' dir='ltr'>eidem</span> <span class='ocrx_word' id='word_1_188' title='bbox 1388 1690 1450 1722; x_wconf 85' lang='lat' dir='ltr'>per</span> <span class='ocrx_word' id='word_1_189' title='bbox 1467 1678 1550 1712; x_wconf 89' lang='lat' dir='ltr'>libe-</span> 
     </span>
     <span class='ocr_line' id='line_1_19' title="bbox 270 1757 1551 1797; baseline -0.005 0"><span class='ocrx_word' id='word_1_190' title='bbox 270 1764 443 1797; x_wconf 88' lang='lat' dir='ltr'>racionem</span> <span class='ocrx_word' id='word_1_191' title='bbox 469 1762 596 1796; x_wconf 85' lang='lat' dir='ltr'>factam</span> <span class='ocrx_word' id='word_1_192' title='bbox 622 1762 739 1795; x_wconf 85' lang='lat' dir='ltr'>Dauid</span> <span class='ocrx_word' id='word_1_193' title='bbox 766 1761 858 1795; x_wconf 84' lang='lat' dir='ltr'>Gent</span> <span class='ocrx_word' id='word_1_194' title='bbox 883 1766 917 1794; x_wconf 87' lang='lat' dir='ltr'>et</span> <span class='ocrx_word' id='word_1_195' title='bbox 942 1759 1105 1794; x_wconf 88' lang='lat' dir='ltr'>consociis</span> <span class='ocrx_word' id='word_1_196' title='bbox 1134 1759 1272 1793; x_wconf 84' lang='lat' dir='ltr'>latomis</span> <span class='ocrx_word' id='word_1_197' title='bbox 1302 1770 1381 1792; x_wconf 89' lang='lat' dir='ltr'>cum</span> <span class='ocrx_word' id='word_1_198' title='bbox 1409 1757 1551 1792; x_wconf 83' lang='lat' dir='ltr'>servito-</span> 
     </span>
     <span class='ocr_line' id='line_1_20' title="bbox 271 1839 1550 1879; baseline -0.006 0"><span class='ocrx_word' id='word_1_199' title='bbox 271 1845 367 1879; x_wconf 86' lang='lat' dir='ltr'>ribus</span> <span class='ocrx_word' id='word_1_200' title='bbox 385 1844 453 1879; x_wconf 85' lang='lat' dir='ltr'>suis</span> <span class='ocrx_word' id='word_1_201' title='bbox 472 1842 750 1877; x_wconf 85' lang='lat' dir='ltr'>construentibus</span> <span class='ocrx_word' id='word_1_202' title='bbox 768 1853 908 1875; x_wconf 89' lang='lat' dir='ltr'>murum</span> <span class='ocrx_word' id='word_1_203' title='bbox 923 1839 1218 1875; x_wconf 85' lang='lat' dir='ltr'>conservatorium</span> <span class='ocrx_word' id='word_1_204' title='bbox 1236 1840 1337 1873; x_wconf 86' lang='lat' dir='ltr'>caleis</span> <span class='ocrx_word' id='word_1_205' title='bbox 1355 1840 1391 1872; x_wconf 88' lang='lat' dir='ltr'>in</span> <span class='ocrx_word' id='word_1_206' title='bbox 1411 1839 1550 1872; x_wconf 87' lang='lat' dir='ltr'>Palacio</span> 
     </span>
     <span class='ocr_line' id='line_1_21' title="bbox 271 1920 1548 1970; baseline -0.005 -10"><span class='ocrx_word' id='word_1_207' title='bbox 271 1926 413 1960; x_wconf 86' lang='lat' dir='ltr'>Domini</span> <span class='ocrx_word' id='word_1_208' title='bbox 432 1927 467 1959; x_wconf 88' lang='lat' dir='ltr'>ix</span> <span class='ocrx_word' id='word_1_209' title='bbox 485 1928 510 1959; x_wconf 70' lang='grc' dir='ltr'>ἔ.</span> <span class='ocrx_word' id='word_1_210' title='bbox 529 1925 590 1970; x_wconf 88' lang='lat' dir='ltr'>viij</span> <span class='ocrx_word' id='word_1_211' title='bbox 610 1922 643 1958; x_wconf 84' lang='lat' dir='ltr'>d.</span> <span class='ocrx_word' id='word_1_212' title='bbox 695 1923 745 1957; x_wconf 85' lang='lat' dir='ltr'>Et</span> <span class='ocrx_word' id='word_1_213' title='bbox 763 1924 931 1957; x_wconf 84' lang='lat' dir='ltr'>allocatur</span> <span class='ocrx_word' id='word_1_214' title='bbox 949 1923 1059 1955; x_wconf 88' lang='lat' dir='ltr'>eidem</span> <span class='ocrx_word' id='word_1_215' title='bbox 1077 1933 1139 1966; x_wconf 87' lang='lat' dir='ltr'>per</span> <span class='ocrx_word' id='word_1_216' title='bbox 1161 1921 1403 1954; x_wconf 83' lang='lat' dir='ltr'>liberacionem</span> <span class='ocrx_word' id='word_1_217' title='bbox 1422 1920 1548 1954; x_wconf 86' lang='lat' dir='ltr'>factam</span> 
     </span>
     <span class='ocr_line' id='line_1_22' title="bbox 271 2002 1549 2047; baseline -0.005 -7"><span class='ocrx_word' id='word_1_218' title='bbox 271 2006 425 2040; x_wconf 85' lang='lat' dir='ltr'>Roberto</span> <span class='ocrx_word' id='word_1_219' title='bbox 444 2005 585 2039; x_wconf 85' lang='lat' dir='ltr'>Masone</span> <span class='ocrx_word' id='word_1_220' title='bbox 603 2005 723 2039; x_wconf 84' lang='lat' dir='ltr'>latimo</span> <span class='ocrx_word' id='word_1_221' title='bbox 742 2009 864 2038; x_wconf 84' lang='lat' dir='ltr'>vocato</span> <span class='ocrx_word' id='word_1_222' title='bbox 881 2004 948 2037; x_wconf 83' lang='lat' dir='ltr'>alio</span> <span class='ocrx_word' id='word_1_223' title='bbox 966 2003 1105 2036; x_wconf 86' lang='lat' dir='ltr'>nomine</span> <span class='ocrx_word' id='word_1_224' title='bbox 1123 2002 1387 2047; x_wconf 87' lang='lat' dir='ltr'>Cwnynghame</span> <span class='ocrx_word' id='word_1_225' title='bbox 1404 2002 1441 2034; x_wconf 90' lang='lat' dir='ltr'>in</span> <span class='ocrx_word' id='word_1_226' title='bbox 1460 2012 1549 2034; x_wconf 88' lang='lat' dir='ltr'>mer-</span> 
     </span>
    </p>
   </div>
   <div class='ocr_carea' id='block_1_3' title="bbox 271 2082 1550 2130">
    <p class='ocr_par' dir='ltr' id='par_1_3' title="bbox 271 2082 1550 2130">
     <span class='ocr_line' id='line_1_23' title="bbox 271 2082 1550 2130; baseline -0.005 -10"><span class='ocrx_word' id='word_1_227' title='bbox 271 2086 387 2120; x_wconf 85' lang='lat' dir='ltr'>cedem</span> <span class='ocrx_word' id='word_1_228' title='bbox 408 2086 535 2120; x_wconf 84' lang='lat' dir='ltr'>laboris</span> <span class='ocrx_word' id='word_1_229' title='bbox 558 2086 714 2130; x_wconf 83' lang='lat' dir='ltr'>lapidum</span> <span class='ocrx_word' id='word_1_230' title='bbox 738 2085 988 2129; x_wconf 85' lang='lat' dir='ltr'>quadratorum</span> <span class='ocrx_word' id='word_1_231' title='bbox 1012 2082 1265 2117; x_wconf 88' lang='lat' dir='ltr'>continentium</span> <span class='ocrx_word' id='word_1_232' title='bbox 1288 2087 1425 2115; x_wconf 89' lang='lat' dir='ltr'>centum</span> <span class='ocrx_word' id='word_1_233' title='bbox 1449 2082 1550 2125; x_wconf 85' lang='lat' dir='ltr'>quin-</span> 
     </span>
    </p>
   </div>
  </div>
 </body>
</html>
