1837 2698
104 1889 185 1917 A.D.
203 1890 285 1917 1514.

321 320 366 351 54
501 315 639 347 VITAE
662 314 991 348 EPISCOPORUM
1012 315 1417 349 DUNKELDENSIUM.

320 424 422 459 Tunc
440 430 595 459 reumate
609 430 644 459 et
661 431 796 459 catarro
814 426 1014 467 fluentibus,
1029 427 1215 472 agonizare
1228 427 1356 470 incepit
1371 437 1380 466 3
1406 426 1463 460 sed
1480 430 1597 459 tamen

318 507 419 540 fortis
441 507 568 546 animo,
592 518 661 540 non
685 505 815 541 finebat
838 508 978 552 aliquod
1001 508 1232 547 immundum,
1255 519 1317 551 per
1340 508 1467 546 oculos,
1485 518 1596 546 nares,

319 593 380 622 aut
397 599 458 632 per
475 598 513 621 os
532 587 690 627 defluere,
709 588 794 632 quin
812 588 962 632 propriis
981 588 1144 622 manibus
1163 586 1328 627 absterfit‚
1346 589 1538 622 moriturus
1556 593 1597 621 ut

317 668 416 707 vixit,
434 668 591 711 pontifex
614 666 889 702 honestiffimus:
916 673 961 707 et,
980 669 1146 712 impedita
1170 680 1231 712 per
1254 669 1401 701 nimium
1421 673 1595 702 catarrum

317 746 456 781 robusta
481 749 627 792 loquela,
654 748 819 782 Crucifixi
850 750 1050 794 ymaginem
1076 750 1119 782 ad
1145 749 1248 793 pedes
1274 749 1445 792 depictam
1472 750 1596 782 devoto

317 830 417 862 vultu
435 834 469 862 et
493 827 651 862 submiss'a
675 841 756 863 voce
781 831 894 863 oravit
918 831 1093 864 continuo.
1145 830 1246 863 Tunc
1264 830 1436 863 orationes
1454 841 1542 874 quae
1560 831 1596 863 in

315 910 411 943 exitu
434 910 615 943 hominum
639 910 706 943 dici
729 909 837 944 solent
862 910 1090 954 persolvimus
1109 921 1117 951 ;
1145 911 1324 944 candelam
1351 909 1595 944 sanctificatam

315 1001 420 1024 manu
432 990 602 1034 pontificis
618 990 794 1034 posuimus
808 1002 816 1032 3
836 1003 905 1035 qua
919 997 1068 1036 accepta,
1080 991 1240 1036 spiritum
1254 991 1329 1025 Deo
1341 992 1595 1031 commendans,

314 1072 413 1111 dixit,
435 1075 455 1089 ‘⁶
473 1069 522 1105 In
540 1082 666 1105 manus
683 1075 773 1112 luas,
791 1071 973 1113 D07711‘ne,⁷’
992 1072 1055 1106 &c.
1083 1072 1222 1106 Catarri
1243 1072 1341 1106 fluxu
1360 1073 1594 1112 continuante,

314 1152 459 1196 psalmos
481 1150 683 1196 pastionum,
707 1155 898 1199 evangelia,
924 1153 1093 1187 rosarium
1119 1153 1238 1187 beatae
1261 1153 1431 1198 VirginiS‚
1456 1158 1594 1187 orantes

313 1234 474 1267 diximus.
526 1233 576 1267 Et
602 1246 679 1267 cum
707 1246 793 1278 pene
820 1246 840 1268 a
865 1240 1000 1268 catarro
1025 1232 1104 1268 esset
1141 1233 1339 1273 suffocatus,
1365 1235 1493 1268 etenim
1518 1236 1594 1280 jam

313 1318 489 1347 mortuum
505 1316 724 1355 credidimus,
738 1327 860 1349 manus
873 1317 1042 1349 extollens
1056 1320 1090 1349 et
1102 1314 1201 1349 fimul
1214 1316 1379 1361 jungens,
1391 1316 1594 1350 crucifixum

312 1397 462 1435 intuens,
481 1395 693 1430 devotiflime
712 1395 803 1431 bassa
821 1409 903 1431 voce
921 1398 1034 1431 oravit
1050 1408 1058 1438 ;
1082 1402 1116 1431 et
1130 1396 1206 1441 post
1223 1399 1415 1441 paululum,
1430 1408 1473 1430 ex
1486 1398 1593 1431 oculis

312 1476 461 1521 squamis
480 1478 589 1522 nigris
604 1477 804 1518 fluentibus,
818 1479 942 1512 levatis
957 1479 1129 1517 manibus,
1143 1479 1301 1523 proprios
1320 1480 1434 1512 oculos
1449 1476 1589 1519 claufit3

310 1562 344 1590 et
360 1557 451 1591 facto
469 1558 505 1591 in
523 1563 664 1602 pectore
683 1560 793 1592 crucis
808 1557 915 1604 signo,
929 1559 1212 1603 permanentibus
1226 1558 1336 1592 secum
1355 1559 1454 1593 nobis
1472 1564 1506 1593 et
1523 1561 1593 1593 dic-

309 1643 345 1671 to
363 1638 518 1672 Roberto
537 1638 680 1678 Brown,
699 1638 909 1684 caeterisque
927 1640 1003 1673 fidis
1024 1638 1260 1679 servitoribus,
1279 1639 1539 1685 consanguineis
1557 1647 1590 1675 et

310 1718 469 1752 affinibus
482 1720 625 1764 reliquis
642 1719 892 1754 conservationi
906 1722 1076 1755 boxarum
1088 1727 1121 1755 et
1135 1723 1306 1766 pecudum
1319 1723 1590 1763 intendentibus,

310 1800 365 1833 die
383 1801 495 1839 lunae,
509 1802 574 1834 viz.
591 1802 722 1835 decimo
736 1807 861 1846 quarto
875 1803 929 1835 die
943 1800 1067 1836 mensis
1081 1802 1104 1835 J
1107 1804 1252 1842 anuarii,
1264 1815 1355 1836 anno
1368 1804 1498 1837 domini
1513 1805 1590 1838 mil-

310 1879 426 1914 lefimo
443 1881 718 1928 quingentesimo
738 1884 870 1917 decimo
891 1891 1026 1928 quarto,
1045 1889 1079 1918 et
1096 1885 1195 1929 regni
1219 1884 1339 1918 Jacobi
1358 1886 1480 1924 Quinti
1499 1897 1589 1919 anno

309 1961 465 2002 secundo,
483 1968 518 1997 et
537 1962 617 1997 suae
631 1966 753 1998 aetatis
768 1962 1016 2010 septuagesimo
1033 1964 1138 2005 sexto,
1156 1966 1366 2000 obdormivit
1383 1967 1420 1999 in
1437 1967 1587 2000 domino.

360 2124 496 2158 NUNC
520 2131 707 2170 antequam
732 2128 773 2161 de
800 2126 1015 2173 [successore]
1040 2128 1195 2168 scribam,
1213 2133 1417 2162 narraturus
1439 2129 1584 2173 dignum
