1837 2698
913 344 935 369 v

284 446 432 479 fenestra
449 448 541 480 vitro
559 448 726 487 decorata,
746 449 834 481 calix
857 454 917 482 aut
936 458 1051 493 cappa
1070 450 1208 487 donata,
1226 449 1317 481 haud
1336 450 1461 481 minori
1482 450 1558 483 dili-

283 542 400 586 gentia
413 554 518 586 quam
536 543 626 576 facta
641 555 720 577 vere
738 544 912 583 benevola,
929 547 983 577 vel
1001 547 1044 578 ad
1062 557 1174 578 mores
1188 551 1222 578 et
1236 547 1435 590 religionem
1452 547 1557 579 refor-

283 640 443 672 mandam
461 641 661 682 spectantia,
680 641 903 674 celebrentur.
947 641 1027 674 Non
1045 648 1203 674 nostrum
1224 648 1339 675 tamen
1354 649 1405 675 est
1419 644 1453 675 in
1470 644 1557 676 hanc

283 745 454 779 nugarum
485 747 602 768 curam
633 737 916 776 animadvertere,
944 749 1005 780 per
1032 749 1136 781 quam
1161 739 1258 771 nobis
1286 740 1396 771 multa
1419 745 1555 773 servata

279 835 370 868 sunt,
384 842 463 874 quae
477 832 513 864 in
528 843 636 864 unum
651 833 800 871 collecta,
815 834 961 877 alicujus
976 838 1057 866 sunt
1071 835 1186 877 pretii,
1202 835 1349 879 singula,
1364 841 1397 867 et
1412 836 1554 868 minoris

282 930 485 961 aestimanda
503 929 626 967 forent,
645 934 678 962 et
692 930 902 974 jamdudum
921 932 1112 974 periissent.

331 1024 425 1057 Idem
449 1025 519 1057 fere
543 1027 761 1069 antiquitatis
785 1028 938 1060 studium
963 1032 1111 1066 secutus,
1134 1040 1213 1071 quo,
1235 1040 1277 1061 ex
1300 1030 1449 1063 archivis
1471 1032 1554 1063 dioe-

283 1134 404 1161 ceseos,
426 1124 548 1167 jejuna
572 1124 646 1156 haec
670 1126 916 1157 commentaria
939 1126 1177 1168 episcoporum
1204 1129 1407 1170 composuit,
1431 1130 1553 1161 melius

281 1226 398 1262 postea
428 1221 469 1252 de
503 1221 615 1262 patria
647 1222 790 1253 meritus
821 1225 872 1253 est
903 1226 1023 1254 auctor
1052 1227 1180 1261 noster,
1215 1223 1342 1256 chartis
1379 1225 1552 1257 veteribus

281 1316 478 1348 monasterii
505 1317 558 1348 sui
582 1317 622 1348 de
646 1316 962 1355 Cambuskenneth,
985 1317 1080 1361 regi-21
1103 1320 1307 1352 auctoritate
1325 1325 1359 1352 et
1376 1320 1440 1353 sub
1458 1322 1553 1353 testi—

280 1413 395 1444 monio
415 1413 530 1456 magni
550 1413 665 1457 sigilli,
683 1414 911 1456 transcriptiS,
931 1418 949 1430 ‘⁸
964 1425 1041 1446 cum
1056 1415 1149 1458 jam''
1163 1420 1202 1448 ut
1220 1417 1268 1449 ait
1286 1417 1358 1459 ipse
1377 1421 1396 1434 ‘⁶
1410 1423 1551 1460 propter

276 1509 455 1541 humorem
484 1515 517 1541 et
544 1510 632 1541 aeris
660 1509 854 1554 rubiginem
883 1511 946 1542 loci
974 1512 1104 1553 aquosi,
1131 1513 1229 1554 quasi
1255 1513 1550 1547 absumerentur.''

276 1605 477 1649 Registrum
504 1607 552 1638 ita
575 1605 779 1644 confectum,
804 1607 945 1639 unicum
967 1608 1002 1639 in
1024 1607 1138 1640 Scotia
1159 1608 1257 1641 tanta
1274 1611 1477 1644 auctoritate
1495 1612 1551 1644 fir-

276 1708 419 1740 matum,
437 1702 549 1734 adhuc
567 1703 602 1734 in
621 1702 826 1734 bibliotheca
844 1703 1090 1736 advocatorum
1108 1703 1306 1750 Edinburgi
1324 1714 1531 1741 asservatur.

326 1797 412 1830 Haec
435 1798 476 1830 de
499 1801 647 1829 auctore.
700 1797 844 1830 Constat
864 1798 955 1831 hunc
974 1799 1127 1832 libellum
1147 1802 1188 1833 de
1207 1802 1288 1835 vitis
1307 1803 1545 1847 episcoporum

276 1895 317 1927 ad
342 1894 443 1926 finem
467 1894 610 1926 ductum
634 1905 705 1926 esse
727 1905 817 1927 anno
838 1896 940 1928 1515.
993 1896 1097 1929 Liber
1114 1900 1369 1942 manuscriptus
1387 1901 1430 1933 ad
1448 1903 1546 1946 cujus

276 1991 375 2023 fidem
394 1996 428 2022 et
446 1991 550 2022 editio
569 1991 663 2033 prior
681 1989 816 2035 (1823),
835 1996 938 2034 atque
956 1992 1030 2025 haec
1049 1999 1177 2032 nostra,
1195 1996 1287 2038 typis
1306 2007 1448 2031 excussa
1466 1999 1542 2038 fuit,

275 2098 402 2130 parvus
429 2092 479 2119 est
505 2088 611 2120 codex
638 2087 927 2126 membranaceus,
955 2089 989 2121 in
1016 2091 1084 2127 4to,
1109 2091 1145 2122 in
1172 2091 1375 2127 bibliotheca
1400 2096 1544 2129 advoca-
