1837 2698
274 283 341 315 140
555 279 812 311 COMPOTUM
833 279 1054 311 MAGISTRI
1076 278 1268 311 FABRICE

272 389 398 422 factam
417 390 582 433 operariis
601 389 841 422 communibus
867 387 1091 421 existentibus
1109 389 1146 421 in
1164 389 1316 432 querella
1340 393 1481 432 propter
1498 385 1543 421 lie

271 468 338 503 recl
358 482 418 514 per
435 475 571 513 tempus
589 470 739 513 compoti
762 471 853 502 ultra
872 470 1090 512 quotidianos
1108 470 1145 502 in
1162 469 1270 503 feodis
1292 469 1492 503 eschalentis
1509 474 1543 503 et

271 551 460 594 poculentis
478 551 564 594 xviij
584 551 619 582 li.
639 550 700 593 viij
722 553 745 582 ἔ.
761 550 808 594 vij
824 548 855 582 d.
907 549 957 582 Et
975 551 1142 582 allocatur
1161 550 1270 582 eidem
1288 561 1349 593 per
1366 550 1543 583 liberacio-

270 642 347 664 nem
372 630 498 663 factam
516 631 681 673 operariis
700 630 940 663 communibus
959 630 1195 662 laborantibus
1214 630 1304 662 circa
1324 634 1462 673 pontem
1482 641 1542 673 per

270 717 406 755 tempus
425 712 573 754 compoti
592 715 631 743 ut
649 715 743 753 patet
769 722 829 754 per
847 711 973 743 librum
993 711 1162 743 dietarum
1181 711 1408 754 compotantis
1435 711 1542 753 parti-

270 792 432 825 culariter
455 792 690 824 examinatum
716 790 815 834 super
838 796 1034 834 compotum
1059 792 1095 835 lij
1116 792 1151 824 li.
1170 792 1203 835 vj
1224 792 1248 823 ἔ.
1300 790 1349 824 Et
1374 792 1541 824 allocatur

270 873 478 915 compotanti
498 873 532 904 in
557 873 768 914 empcionem
794 872 835 904 de
861 876 999 904 centum
1026 876 1060 904 et
1086 876 1162 904 octo
1183 869 1228 903 lie
1248 868 1401 913 thrag'ffis
1423 871 1541 914 pabuli

270 952 356 995 varij
377 951 480 994 precij
501 951 559 994 xvj
577 953 601 983 ἔ.
617 930 666 994 1111
682 949 715 983 d.
766 950 815 983 Et
832 951 868 983 in
887 951 1096 993 empcionem
1112 951 1215 983 unius
1232 951 1329 993 pellis
1343 951 1458 993 equini
1478 961 1540 993 pro

268 1030 400 1073 pepliiis
419 1030 583 1062 faciendis
602 1009 651 1073 iiij
673 1032 696 1062 Ξ.
748 1029 797 1062 Et
823 1041 886 1072 pro
913 1029 1123 1062 confectione
1149 1029 1298 1074 ejusdem
1326 1030 1361 1061 in
1387 1030 1540 1073 quinque

267 1110 402 1153 pephiis
424 1111 631 1142 verudorum
650 1110 673 1153 ij
694 1112 717 1142 ἔ.
737 1110 770 1153 vj
790 1107 822 1141 d.
850 1109 899 1142 Et
917 1111 1086 1142 allocatur
1103 1111 1316 1152 compotanti
1333 1121 1396 1153 pro
1410 1109 1541 1142 confec-

269 1192 361 1223 tione
378 1191 527 1222 duorum
552 1190 687 1233 parium
713 1190 873 1222 redarum
900 1200 961 1232 per
978 1194 1115 1232 tempus
1138 1190 1288 1233 compoti
1306 1189 1538 1222 confectarum

268 1272 352 1315 xxiij
373 1273 397 1303 ἔ.
448 1271 498 1304 Et
524 1282 586 1313 pro
612 1282 683 1302 uno
703 1268 746 1302 lie
765 1267 914 1302 Ricldile
943 1281 1006 1313 pro
1034 1270 1234 1303 mundanda
1259 1271 1348 1302 calce
1366 1281 1389 1302 v
1406 1267 1438 1302 d.
1490 1269 1539 1302 Et

268 1353 303 1384 in
330 1352 541 1385 confectione
567 1355 717 1395 quatuor
744 1348 789 1383 lie
815 1348 932 1383 bodeis
957 1351 1117 1384 redarum
1133 1351 1169 1395 iij
1190 1353 1214 1384 ἔ.
1233 1349 1301 1383 vd.
1346 1350 1435 1383 Item
1463 1362 1538 1394 pre-

266 1433 435 1466 sentatum
461 1444 520 1476 per
539 1431 745 1477 ‘Magistrum
765 1432 787 1464 J
790 1432 960 1465 ohannem
986 1432 1102 1465 Lacok
1124 1433 1165 1464 ad
1189 1443 1274 1475 opus
1293 1436 1327 1464 et
1344 1432 1453 1464 eidem
1472 1433 1538 1465 col-

268 1516 377 1546 latum
395 1525 505 1546 unum
524 1524 586 1556 par
603 1514 775 1545 redarum.
805 1513 854 1545 Et
872 1514 1039 1545 allocatur
1056 1513 1267 1555 compotanti
1285 1523 1348 1555 pro
1367 1512 1536 1545 cedicione

267 1594 370 1626 unius
393 1594 479 1637 ligni
498 1598 532 1625 et
549 1593 762 1625 confectione
784 1592 933 1636 ejusdem
956 1593 991 1624 in
1009 1590 1190 1637 lleffi‘upis
1214 1603 1278 1635 pro
1300 1593 1451 1635 querella
1468 1593 1491 1636 ij
1512 1596 1535 1625 ἕ.

266 1651 316 1715 iij
336 1670 368 1704 d.
395 1672 445 1704 Et
462 1683 525 1714 pro
543 1672 718 1714 empcione
732 1672 773 1704 de
787 1676 923 1704 centum
943 1672 1176 1715 quadraginta
1189 1671 1350 1704 oneribus
1365 1670 1535 1714 cespidum

264 1764 327 1795 pro
345 1752 533 1796 erigatione
551 1751 733 1784 corborum
751 1756 785 1784 et
811 1750 949 1796 paffagij
970 1763 1009 1784 ac
1032 1752 1178 1784 aliorum
1198 1750 1457 1785 necesshriorum
1477 1763 1539 1795 per

272 1838 407 1875 tempus
434 1832 583 1874 compoti
610 1832 645 1875 xj
667 1832 691 1864 ἔ.
714 1832 773 1875 viij
794 1829 826 1864 d.
877 1831 926 1864 Et
952 1832 989 1864 in
1015 1832 1226 1875 empcionem
1252 1831 1308 1865 sex
1333 1833 1468 1875 parium
1495 1831 1541 1865 lie

252 1948 255 1953 ,
263 1911 452 1951 schctlleillis
469 1923 532 1955 pro
551 1912 688 1944 verudis
701 1911 734 1955 vj
748 1909 782 1944 d.
808 1911 857 1944 Et
876 1912 912 1944 in
927 1913 1139 1955 empcionem
1157 1913 1312 1956 quinque
1327 1910 1540 1957 liefhaz'lgeiss

265 1994 312 2026 fili
338 2005 401 2036 pro
428 1992 680 2026 mensuratione
706 2003 766 2035 per
784 1996 922 2035 tempus
941 1993 1090 2036 compoti
1108 1994 1156 2037 xij
1176 2004 1193 2037 3
1210 1991 1243 2026 d.
1295 1993 1349 2026 Et
1375 1994 1540 2027 allocatur

265 2074 376 2106 eidem
395 2074 431 2106 in
449 2073 662 2116 empcionem
682 2073 723 2105 de
741 2076 877 2106 centum
897 2071 1075 2118 sexaginta
1095 2074 1292 2117 quindecim
1315 2074 1475 2107 oneribus
1493 2072 1538 2107 lie
