1837 2698
255 282 324 316 136
541 280 803 312 COMPOTUM
825 280 1052 312 MAGISTRI
1073 281 1270 313 FABRICE

254 388 347 423 sexto
364 391 422 435 xvj
443 393 467 423 Ξ.
519 390 568 423 Et
590 401 653 433 pro
676 390 775 423 firma
798 387 922 423 stabuli
946 389 1106 434 Magistri
1125 390 1315 424 Alexandri
1336 390 1437 434 Myln
1455 390 1527 423 offi-

255 471 349 503 cialis
375 482 417 503 ex
443 474 540 514 parte
568 470 695 503 boreali
722 481 809 513 aque
831 471 866 502 in
885 470 1024 503 civitate
1042 470 1251 504 Dunkelden
1276 469 1460 504 constructi
1484 471 1526 503 de

255 555 405 593 quatuor
430 550 586 584 terminis
613 551 676 593 vi3.
695 548 859 583 festorum
879 549 1098 583 Pentecostes
1125 556 1158 584 et
1181 551 1298 584 Sancti
1322 551 1466 584 Mertini
1491 551 1527 584 in

257 631 379 675 hyeme
397 632 432 663 in
451 642 541 664 anno
560 635 617 663 *tc*
636 632 671 663 v⁰
689 631 758 663 Χνω
808 630 858 663 Et
876 631 917 663 de
935 630 1060 664 eisdem
1079 632 1234 665 terminis
1252 630 1416 665 festorum
1439 631 1529 665 Pen-

256 709 396 743 tecostes
415 715 448 742 et
465 710 582 743 Sancti
601 710 746 742 Mertini
764 710 800 742 in
818 721 908 743 anno
926 712 960 742 vc
978 709 1204 744 decimosexto
1221 691 1271 755 ifi'j
1292 712 1326 744 li.
1378 711 1426 744 Et
1446 712 1528 744 allo-

256 796 353 823 catur
371 791 480 823 eidem
500 792 536 823 in
554 791 767 834 empcionem
785 791 939 834 quinque
956 791 1127 824 bollarum
1144 791 1274 824 farrine
1300 803 1361 834 pro
1379 792 1527 835 panibus

257 871 395 903 verudis
420 870 595 914 pinsandis
620 882 681 914 per
707 875 843 913 tempus
870 871 1019 913 compoti
1049 871 1158 915 xxxiij
1185 874 1208 903 Ξ.
1232 850 1282 915 iiij
1307 869 1339 903 d.
1390 871 1438 904 Et
1465 883 1528 915 pro

256 949 386 994 pistura
405 951 589 984 earundem
615 952 651 995 iij
672 954 696 983 Ξ.
715 952 749 995 vj
769 949 801 983 d.
853 951 901 984 Et
919 952 1087 984 allocatur
1106 952 1215 984 eidem
1234 963 1296 995 pro
1314 952 1527 986 confectione

257 1036 291 1065 et
308 1032 516 1076 purgacione
533 1032 660 1076 viginti
675 1032 822 1064 duorum
842 1029 1006 1074 liefilleis
1023 1033 1184 1064 redarum
1203 1034 1275 1077 xxij
1295 1031 1327 1065 d.
1379 1033 1427 1066 Et
1445 1035 1529 1066 allo-

257 1117 355 1145 catur
380 1113 489 1145 eidem
515 1123 576 1155 per
601 1112 841 1144 liberacionem
868 1112 994 1144 factam
1018 1112 1219 1145 Alexandro
1243 1113 1384 1156 Smytht
1401 1114 1437 1146 in
1456 1114 1529 1147 Slo-

256 1192 407 1237 gynhole
425 1193 593 1225 conducto
611 1193 813 1225 duodecimo
831 1193 885 1225 die
903 1191 1025 1225 mensis
1044 1193 1129 1237 Maij
1150 1205 1240 1226 anno
1259 1199 1315 1227 *cc*
1333 1197 1366 1227 vc
1383 1195 1531 1228 decimo-

257 1272 350 1305 sexto
374 1283 437 1315 pro
461 1272 671 1306 confectione
697 1278 731 1306 et
758 1274 915 1306 acutione
941 1273 1113 1306 serrorum
1137 1275 1289 1319 lapicidij
1318 1276 1353 1307 in
1380 1276 1526 1309 eundem

260 1354 349 1386 diem
369 1364 459 1385 anno
473 1354 632 1386 revoluto
646 1354 794 1396 capienti
808 1365 869 1396 per
883 1364 1012 1387 annum
1024 1355 1255 1399 quadraginta
1268 1354 1390 1389 solidos
1403 1354 1492 1388 xxxtj
1504 1359 1528 1389 Ξ.

257 1439 290 1466 et
316 1435 352 1466 in
387 1435 599 1477 empcionem
625 1435 729 1467 unius
755 1434 841 1467 libre
862 1433 975 1477 flokis
999 1436 1022 1479 ij
1052 1433 1084 1467 d.
1152 1435 1202 1468 Et
1229 1447 1288 1479 per
1317 1437 1528 1479 empcione-m

257 1515 362 1547 unius
381 1513 463 1559 gad
484 1514 566 1547 ferri
592 1526 655 1557 pro
680 1512 726 1547 lie
751 1512 886 1556 halfe-llis
910 1516 1127 1548 conficiendis
1154 1516 1188 1559 vj
1211 1519 1236 1549 Ξ.
1287 1516 1336 1549 Et
1362 1518 1528 1550 allocatur

258 1597 365 1628 eidem
385 1607 446 1638 per
463 1596 703 1628 liberacionem
723 1595 849 1628 factam
868 1597 969 1628 certis
987 1596 1205 1640 garcionibus
1219 1597 1255 1629 in
1270 1595 1411 1630 diversis
1426 1609 1530 1643 nego-

259 1677 318 1709 ciis
346 1677 389 1709 ad
415 1675 612 1720 hujusmodi
639 1687 725 1719 opus
752 1677 814 1720 vig.
833 1676 1051 1710 trahentibus
1076 1677 1171 1721 ligna
1197 1678 1281 1710 alias
1307 1675 1352 1711 lie
1377 1677 1484 1711 reikis
1509 1692 1529 1712 a

259 1758 390 1802 Capeth
410 1762 444 1790 et
461 1758 556 1801 ligna
569 1768 631 1800 pro
646 1756 856 1790 confectione
871 1757 992 1790 domus
1007 1758 1231 1790 Iathimorum
1245 1756 1350 1791 miffis
1364 1761 1405 1792 ad
1422 1760 1528 1793 Perth

259 1850 321 1882 pro
343 1837 388 1871 lie
405 1836 493 1870 bran
517 1848 555 1870 ac
579 1837 783 1881 vigilacione
809 1838 1018 1870 verudorum
1046 1849 1107 1880 per
1131 1839 1324 1881 quindecim
1353 1845 1469 1873 noctes
1496 1846 1529 1873 et

259 1916 362 1951 miffis
387 1919 429 1950 ad
455 1918 573 1961 Fordy
591 1922 624 1951 et
643 1917 810 1950 Stantone
828 1916 970 1950 diversis
988 1918 1120 1951 vicibus
1139 1929 1202 1962 pro
1219 1919 1346 1962 pabulo
1364 1932 1403 1953 ac
1421 1921 1530 1953 homi-

260 1998 360 2031 nibus
384 1998 600 2031 trahentibus
625 1998 721 2042 ligna
744 2009 808 2041 pro
832 1996 877 2030 lie
901 1996 1080 2042 brandcyr
1102 1999 1137 2031 in
1159 1997 1358 2033 eschalentis
1376 2006 1408 2034 et
1426 2012 1529 2045 pocu-

566 2057 588 2069 ΟΥ

259 2078 361 2110 lentis
378 2078 487 2121 xxviij
509 2080 532 2109 Ξ.
550 2078 600 2121 iiij
617 2089 634 2121 5
652 2075 684 2110 d.
728 2077 777 2110 Et
795 2078 962 2110 allocatur
980 2079 1190 2122 compotanti
1210 2090 1271 2121 per
1288 2079 1527 2113 liberacionem
