1837 2698
452 315 589 347 VITAE
613 315 944 347 EPISCOPORUM
967 313 1373 345 DUNKELDENSIUM.
1506 318 1550 353 59

321 505 704 539 CANCELLARIUS
730 511 764 539 et
788 506 916 539 Rector
934 507 975 538 de
999 505 1162 550 Kynnell‚
1188 501 1356 549 Magister
1373 502 1549 548 Georgeus

272 585 415 625 Brown,
439 597 517 619 cum
542 586 697 630 episcopo
715 598 757 619 ex
775 586 947 619 sororibus
967 585 1200 623 consobrinus,
1220 585 1274 617 vir
1292 585 1453 627 prudens,
1474 595 1551 627 per-

271 665 352 699 sona
380 667 512 705 decem,
539 667 575 699 in
601 665 838 710 spiritualibus
863 667 1013 700 multum
1039 663 1213 703 honestus,
1239 665 1275 697 in
1300 664 1548 707 temporalibus

270 745 439 780 industria
461 748 584 791 plenus
600 758 609 787 ;
637 752 778 790 propter
803 748 896 791 quod
915 745 1060 790 episcopi
1078 747 1115 779 in
1133 746 1228 779 curia
1245 746 1384 789 negotia
1402 742 1446 778 fic
1463 743 1550 788 sapi-

270 833 366 861 enter
388 826 497 873 geffit,
523 839 604 873 rege
627 828 757 861 Jacobo
780 828 915 867 Quarto
938 831 1122 866 annuente,
1146 828 1182 860 in
1206 826 1445 859 Camerarium
1462 824 1549 859 sedis

269 908 564 953 archiepiscopalis
589 908 707 943 Sancti
733 908 906 947 Andreae,
932 920 994 952 per
1020 907 1187 942 illustrem
1213 907 1236 940 J
1239 908 1381 941 acobum
1414 905 1549 941 Rossiae

269 991 391 1023 ducem
410 995 444 1023 et
462 990 579 1024 Sancti
596 989 758 1024 Andreae
777 989 1069 1034 archiepiscopum
1088 994 1122 1023 et
1140 989 1247 1034 Regis
1265 1000 1481 1034 germanum,
1500 987 1549 1022 est

269 1077 410 1105 vocatus
425 1082 434 1111 ;
459 1083 521 1115 per
538 1083 651 1116 quem,
670 1070 695 1105 fi
713 1071 826 1105 subita
843 1076 954 1105 morte
971 1076 1092 1115 eaptus
1111 1082 1181 1104 non
1199 1069 1288 1109 effet,
1307 1075 1486 1114 promotus
1504 1071 1548 1103 ad

268 1154 401 1198 majora
426 1153 567 1186 indubie
591 1151 728 1193 fuiffet3
756 1158 791 1186 et
808 1154 968 1197 quamvis
986 1154 1077 1186 inter
1094 1152 1261 1186 seculares
1279 1163 1378 1185 curas
1396 1153 1546 1185 multum

269 1238 446 1278 gravatus,
468 1235 603 1267 animae
621 1238 737 1267 tamen
754 1233 833 1267 suae
851 1238 885 1267 et
903 1233 1003 1267 officii
1022 1234 1164 1266 minime
1186 1234 1378 1272 immemor,
1401 1231 1548 1266 scolasti-

269 1325 347 1347 cum
370 1316 584 1358 capellanum
606 1319 812 1359 perpetuum
835 1315 873 1348 in
895 1312 1032 1348 ecclesia
1054 1313 1172 1347 Sancti
1194 1313 1341 1359 Georgei
1359 1314 1548 1347 celebratu-

268 1406 358 1436 rum,
380 1401 414 1429 et
432 1394 555 1429 scolam
574 1397 870 1441 grammaticalem
887 1400 1075 1435 recturum,
1098 1396 1269 1430 fundavit.
1321 1395 1363 1429 In
1381 1396 1547 1429 honorem

268 1477 369 1509 divae
386 1476 545 1521 Virginis
564 1477 605 1509 de
623 1476 851 1511 consolatione
869 1476 1012 1521 desuper
1030 1477 1121 1510 facta
1138 1477 1309 1517 fundatio,
1332 1474 1358 1510 fi
1381 1476 1546 1516 servetur,

269 1555 423 1591 ecclefiae
436 1558 553 1591 doctos
567 1559 831 1603 grammaticam
845 1559 952 1592 dabit.
983 1558 1139 1602 Cappam
1153 1559 1257 1591 etiam
1272 1558 1423 1597 sericam,
1438 1569 1546 1603 cappa

270 1640 499 1682 praecentoris
517 1640 703 1678 meliorem,
722 1640 827 1679 dedit,
846 1639 996 1684 ejusdem
1014 1644 1130 1673 tamen
1148 1641 1281 1673 coloris.

319 1880 708 1915 THESAURARIUS
735 1880 902 1927 Magister
920 1882 1097 1916 lValterus
1116 1882 1234 1921 Small,
1254 1883 1402 1915 vicarius
1419 1883 1461 1915 de
1480 1881 1546 1915 Te-

270 1963 354 2007 ling,
372 1963 426 1995 vir
444 1974 653 2007 magnarum
676 1961 865 1997 honestatis
883 1969 917 1997 et
934 1964 1119 2003 virtutum,
1142 1964 1233 1996 inter
1256 1962 1438 2007 scriptores
1461 1968 1547 1997 tem-

268 2055 350 2087 pore
367 2043 426 2077 suo
445 2045 481 2077 in
499 2045 593 2077 omni
610 2043 778 2078 scribendi
801 2045 902 2078 litera
924 2046 1058 2088 primus
1074 2055 1082 2078 ε
1121 2044 1277 2078 Effectus
1301 2044 1546 2085 thesaurarius,

269 2124 425 2160 mansum
438 2125 548 2165 suum,
562 2136 665 2170 quem
679 2126 824 2165 invenit,
839 2127 982 2171 antiquo
994 2127 1187 2171 alpinatum
1198 2138 1303 2166 more,
1316 2124 1546 2166 inhonestum,
