1837 2698
663 300 828 332 PONTIS
850 301 1212 333 DUNKELDENSIS.
1514 307 1581 342 127

305 418 324 440 a
350 405 435 440 filva
458 387 509 452 iiij
529 406 562 441 d.
614 408 663 442 Et
689 410 857 443 allocatur
882 410 991 443 eidem
1014 422 1076 454 per
1099 410 1341 444 liberacionem
1365 410 1491 443 factam
1517 421 1579 453 pro

303 487 513 521 confectione
532 489 685 532 quinque
703 487 881 535 liestvcpis
899 491 942 523 ad
960 491 1148 534 querellam
1166 502 1214 523 xv
1230 489 1264 524 d.
1312 490 1361 524 Et
1379 492 1414 523 in
1432 491 1580 534 empcio-

303 579 381 601 nem
409 570 512 602 unius
538 569 628 603 sacce
653 582 716 614 pro
742 572 881 604 verudis
907 570 1082 604 servandis
1106 572 1142 603 in
1166 572 1284 604 avenis
1308 571 1332 614 ij
1353 573 1377 604 ἔ.
1402 571 1579 604 deliberat.

301 649 402 682 dictis
420 651 550 695 aurigis
571 662 633 694 pro
652 663 722 695 qua
740 651 993 695 respondebunt
1035 652 1084 685 Et
1098 653 1266 685 allocatur
1279 652 1389 685 eidem
1404 663 1464 695 per
1478 652 1579 685 liber-

300 730 453 763 acionem
471 731 598 764 factam
616 743 680 775 pro
698 733 854 765 ducentis
876 733 1001 777 viginti
1024 737 1176 776 quatuor
1198 733 1361 766 oneribus
1384 731 1578 776 liestcail3e

299 821 359 853 per
385 816 521 854 tempus
548 813 697 856 compoti
722 814 837 856 precio
863 812 1045 857 cujussibet
1071 814 1184 846 oneris
1206 815 1368 847 denarius
1396 815 1575 848 extenden.

298 891 333 923 in
360 892 505 934 pecunia
530 893 574 925 ad
599 893 685 936 xviij
706 895 730 925 s.
749 893 810 938 viij
830 891 862 925 d.
913 892 963 926 Et
989 894 1158 926 allocatur
1181 894 1291 926 eidem
1316 905 1378 937 per
1400 895 1577 928 liberacio-

296 982 375 1003 nem
409 971 535 1005 factam
572 974 673 1006 certis
708 972 932 1006 servitoribus
966 974 1188 1016 portantibus
1219 985 1346 1007 avenas
1376 987 1396 1008 a
1426 975 1576 1019 Capetht

296 1049 437 1084 diversis
460 1053 593 1085 vicibus
617 1053 784 1096 pabulum
803 1065 823 1086 a
841 1054 960 1097 Fordy
977 1052 1113 1086 W'ester
1131 1054 1265 1098 Capeth
1287 1055 1437 1089 Stewart
1454 1057 1574 1101 aurige

296 1131 447 1164 venienti
460 1133 502 1164 ad
515 1132 690 1165 Tullelum
703 1145 766 1176 pro
781 1133 887 1178 bigha
904 1138 937 1166 et
955 1135 1032 1166 aliis
1044 1135 1195 1178 negociis
1209 1135 1256 1180 vij
1273 1138 1297 1168 ἔ.
1317 1136 1351 1180 vj
1367 1134 1400 1168 d.
1426 1135 1475 1169 Et
1494 1138 1575 1170 allo-

295 1216 393 1243 catur
404 1212 514 1244 eidem
526 1223 586 1255 per
597 1213 839 1246 liberacionem
853 1214 978 1247 factam
992 1214 1146 1248 Roberto
1160 1215 1335 1258 Merl30ne
1346 1227 1410 1259 pro
1421 1218 1573 1250 emendis

1399 1275 1422 1287 ω

296 1291 414 1323 tunica
431 1296 465 1323 et
482 1290 626 1324 camefia
643 1292 702 1325 suo
720 1292 851 1326 famulo
869 1292 984 1326 Alano
1002 1295 1095 1327 ultra
1112 1294 1252 1327 feodum
1271 1296 1319 1340 vij
1340 1298 1364 1328 ἔ.
1382 1296 1433 1340 iiij
1448 1293 1481 1328 d.
1524 1295 1573 1329 Et

295 1369 430 1403 Thome
455 1371 575 1404 Sawar
597 1371 694 1405 servo
717 1372 859 1406 Domini
878 1373 1031 1406 defuncti
1050 1379 1084 1407 et
1101 1385 1194 1408 nunc
1211 1376 1330 1420 aurige
1348 1387 1411 1419 pro
1429 1378 1573 1410 emenda

296 1451 415 1483 tunica
433 1452 467 1495 vj
488 1454 512 1484 ἔ.
531 1452 591 1496 viij
611 1450 643 1485 d.
694 1451 744 1485 Et
767 1454 935 1486 allocatur
958 1455 1066 1486 eidem
1092 1466 1153 1497 per
1177 1455 1420 1489 liberacionem
1444 1456 1570 1490 factam

291 1531 394 1563 certis
419 1532 639 1576 garcionibus
666 1533 958 1577 congregantibus
983 1535 1099 1578 virgas
1123 1546 1186 1577 pro
1209 1535 1320 1568 corbis
1346 1541 1380 1569 et
1406 1534 1570 1570 barrouz's

291 1611 509 1644 conficiendis
527 1612 565 1655 iij
585 1614 610 1644 ἔ.
629 1591 677 1656 iii}
697 1609 730 1644 d.
781 1611 831 1644 Et
848 1613 1016 1646 allocatur
1034 1614 1144 1646 eidem
1162 1625 1224 1656 per
1241 1614 1483 1648 liberacionem
1501 1616 1570 1650 fac-

290 1696 362 1724 tam
389 1690 540 1735 Georgio
566 1691 702 1735 Bernys
729 1697 764 1725 et
790 1693 866 1726 aliis
892 1692 1004 1726 secum
1029 1695 1207 1727 conductis
1230 1706 1294 1738 pro
1319 1694 1570 1729 constructione

290 1769 370 1804 fosse
388 1772 503 1804 warde
522 1773 732 1805 verudorum
751 1773 842 1816 apud
864 1778 1004 1816 pratum
1025 1773 1210 1819 Drumboy
1233 1776 1281 1820 xlj
1301 1778 1327 1810 ἔ.
1378 1775 1427 1809 Et
1444 1777 1480 1809 in
1499 1777 1569 1809 feo-

290 1852 373 1884 dum
391 1853 620 1895 compotantis
639 1850 851 1886 confiderato
869 1854 944 1897 ejus
962 1854 1079 1887 labore
1097 1855 1134 1887 in
1151 1856 1294 1898 pecunie
1317 1857 1511 1900 receptione
1532 1862 1566 1890 et

291 1933 325 1965 in
344 1943 530 1976 parvarum
550 1931 762 1966 summarum
780 1931 1022 1967 distributione
1037 1936 1200 1969 continua
1212 1937 1302 1969 circa
1319 1936 1512 1970 laborantes
1530 1938 1566 1970 in

290 2024 391 2056 opere
409 2024 509 2046 arcus
527 2024 604 2046 curn
625 2013 734 2046 fundo
752 2014 813 2056 pili
832 2014 868 2046 in
887 2025 977 2057 aqua
994 2012 1060 2047 xxti
1078 2015 1113 2048 li.

1172 2073 1195 2086 or
1209 2069 1224 2087 C
1259 2074 1282 2087 or
1301 2070 1338 2088 XX

385 2092 528 2126 Summa
556 2093 711 2126 omnium
738 2092 965 2136 expensarum
990 2092 1140 2138 Argenti
1162 2106 1211 2138 111J
1244 2107 1294 2140 111J
1362 2097 1422 2140 xvj
1442 2097 1476 2129 li.
1495 2096 1519 2140 ij
1539 2099 1563 2129 s.

385 2174 420 2206 ix
437 2171 470 2206 d.
521 2173 571 2206 Et
588 2171 632 2206 fic
650 2171 779 2206 restant
796 2184 859 2217 pro
877 2173 1002 2217 quibus
1019 2173 1237 2218 respondebit
1254 2176 1303 2220 xlj
1323 2179 1348 2210 s.
1366 2176 1390 2220 ij
1409 2174 1442 2209 d.
