1837 2698
285 327 330 358 50
468 322 606 354 VITAE
629 314 957 354 EPISCOPORUM
978 321 1384 353 DUNKELDENSIUM.

285 433 420 465 circiter
436 442 567 465 mercas
585 432 829 471 continentem,
847 436 882 464 et
898 432 959 464 ubi
977 431 1086 465 defuit
1108 432 1201 465 illius
1223 431 1376 465 summae
1399 432 1555 475 pecunia,

286 513 513 558 obligationes
531 513 726 546 debitorum
744 513 898 552 tradidit,
917 513 959 545 ad
978 513 1105 546 dictam
1122 512 1289 546 summam
1313 524 1392 546 cum
1412 513 1558 556 pecunia

286 593 513 627 ascendentes.
568 593 642 628 Nos
673 605 754 627 vero
783 599 991 633 executores,
1017 595 1176 638 pontifice
1208 599 1241 627 et
1271 595 1410 627 domino
1440 592 1557 627 nostro

284 677 479 714 mandante,
497 676 534 708 in
551 673 704 709 custodia
722 675 854 708 Prioris
872 676 994 709 domus
1013 673 1189 709 Cartufiae
1207 674 1436 719 deposuimus.
1482 674 1558 707 Hac

284 768 320 789 re
338 761 414 789 tuto
431 757 560 796 relicta,
574 757 714 789 domum
734 757 846 795 rediit,
859 763 893 790 et
909 757 1070 800 capitulo,
1089 754 1236 789 crastino
1251 755 1368 789 Sancti
1383 755 1556 793 Nicholai,

284 848 374 871 anno
391 838 566 881 praedicto
583 835 762 870 millesimo
780 835 1055 882 quingentesimo
1073 837 1205 869 decimo
1223 840 1358 880 quarto,
1377 835 1530 879 praefuit
1547 846 1556 874 3

283 918 449 961 finitoque
467 919 628 961 capitulo,
646 918 753 951 nobili
771 918 846 951 viro
864 919 992 951 decano
1010 917 1069 950 suo
1086 918 1272 961 praedicto,
1290 917 1388 961 cujus
1412 928 1455 949 ex
1481 927 1558 949 con-

284 997 356 1032 filio
374 999 493 1032 domui
510 998 589 1032 suae
608 997 660 1041 (ut
678 997 851 1043 apostolus
869 1000 980 1043 docet)
1001 999 1084 1032 bene
1108 998 1299 1042 disponens,
1317 1009 1380 1041 pro
1404 995 1557 1030 custodia

283 1081 402 1124 palatii
428 1081 470 1113 de
495 1079 670 1119 Dunkeld,
694 1081 802 1114 dictos
828 1081 870 1113 de
896 1080 1040 1123 Capeth,
1059 1079 1172 1118 Alith,
1198 1079 1351 1112 Londeif
1372 1084 1406 1112 et
1432 1079 1557 1112 Ferde-

282 1160 424 1200 schawe,
442 1172 504 1204 per
521 1166 671 1204 quatuor
697 1165 824 1204 partes,
842 1172 921 1194 cum
946 1159 1169 1193 servitoribus
1196 1160 1239 1193 ad
1264 1159 1329 1192 hoc
1356 1158 1556 1199 necessariis,

282 1240 435 1275 custodes
462 1242 647 1280 ordinavit,
673 1252 712 1274 ea
737 1242 939 1280 intentione,
965 1246 1015 1279 ut,
1041 1239 1117 1273 sede
1143 1240 1217 1285 ejus
1243 1245 1354 1273 morte
1380 1245 1556 1278 vacatura,

282 1323 401 1356 decani
419 1327 451 1356 et
470 1323 611 1366 capituli
633 1322 798 1355 mandato
823 1322 946 1365 palatii
972 1319 1128 1355 custodes
1155 1321 1343 1354 obedirent.
1395 1320 1557 1354 Archidi-

283 1415 440 1442 aeonum,
459 1415 501 1437 ex
526 1402 639 1436 sorore
665 1411 836 1446 nepotem,
853 1402 1021 1435 familiam
1042 1407 1169 1441 tenere,
1187 1407 1232 1442 et,
1252 1401 1370 1436 saltem
1396 1403 1556 1445 proximo

282 1482 411 1518 Christi
429 1484 623 1517 nativitatis
641 1488 806 1527 tempore,
826 1484 919 1526 apud
937 1483 1102 1516 Kinwaid
1120 1494 1198 1517 cum
1224 1481 1396 1516 sororibus
1424 1488 1457 1517 et
1483 1494 1556 1516 cae-

278 1552 364 1599 teris
390 1564 650 1610 consanguineis
676 1565 854 1597 convivari
881 1565 1069 1597 mandavit.
1120 1563 1283 1597 Pontifex
1309 1575 1402 1602 vero,
1423 1565 1555 1608 reliqua

283 1657 361 1679 cum
387 1645 530 1684 familia,
548 1645 758 1678 fortalicium
785 1645 827 1677 de
849 1645 972 1689 Clony,
990 1645 1103 1678 locum
1129 1643 1352 1688 episcopalem
1378 1645 1555 1678 meliorem

282 1731 316 1760 et
338 1727 460 1759 melius
487 1724 758 1764 custodiendum,
775 1724 835 1759 suo
861 1726 1022 1770 regimini
1039 1726 1209 1765 retinuit3
1236 1737 1339 1769 quem
1358 1727 1469 1759 locum
1489 1727 1556 1759 cla-

283 1818 361 1840 vem
378 1806 464 1840 sedis
482 1805 734 1840 Dunkeldenfis
752 1817 873 1840 vocare
890 1805 1026 1839 solebat.
1065 1806 1138 1840 Nec
1156 1805 1210 1845 fic,
1229 1807 1308 1840 licet
1325 1808 1553 1851 grandaevus,

284 1886 502 1932 disposuiffet,
519 1886 582 1921 nifi
600 1888 682 1931 quia
698 1887 721 1920 J
723 1888 875 1921 ohannes
893 1888 1052 1927 Stewart,
1071 1888 1202 1921 domini
1220 1887 1243 1920 J
1245 1888 1390 1921 ohannis
1405 1888 1553 1922 Stewart

283 1972 325 2004 de
342 1971 504 2004 Stowixis
522 1970 643 2003 militis
660 1970 761 2009 filius,
776 1981 818 2003 ex
836 1970 1010 2009 Kinwaid,
1024 1969 1195 2014 pontificis
1212 1974 1363 2013 neptam,
1377 1970 1552 2003 dominam

285 2052 468 2085 Matildam
493 2051 515 2084 J
518 2049 702 2091 ohnesoun,
720 2051 874 2084 relictam
893 2051 1023 2084 domini
1041 2050 1063 2093 J
1066 2051 1210 2084 ohannis
1225 2050 1358 2095 Retray
1375 2051 1416 2083 de
1434 2051 1551 2084 eodem

284 2133 415 2172 militis,
434 2134 479 2173 vi,
497 2138 537 2167 ut
562 2133 691 2166 dictum
719 2133 842 2172 fuerat,
860 2133 897 2166 in
914 2131 1022 2177 Alpes
1048 2133 1216 2173 abduxit3
1244 2137 1278 2166 et
1302 2133 1468 2166 redeunte
1493 2132 1553 2166 do-
