1837 2698
461 313 599 344 VITAE
622 313 955 346 EPISCOPORUM
977 314 1383 347 DUNKELDENSIUM.
1514 314 1558 348 65

280 422 443 461 ornavit3
471 422 622 456 Calicem
647 429 850 468 argenteum
875 426 1082 458 deauratum
1103 425 1214 458 eidem
1238 424 1311 456 fieri
1330 421 1398 455 suis
1416 421 1559 465 sumpti-

280 501 343 533 bus
363 501 455 541 fecit,
474 507 508 536 et
527 501 590 548 [fi]
610 516 681 537 non
705 510 815 538 morte
838 510 1025 549 preventus
1047 503 1137 544 esset,
1158 506 1270 538 multo
1292 505 1394 548 plura
1410 501 1558 536 feciffet:

280 580 357 620 Sed,
375 580 461 615 ficut
482 585 712 618 communiter
730 585 856 618 bonam
874 587 982 619 vitam
1002 586 1112 619 bonus
1130 586 1207 618 finis
1224 584 1388 629 sequitur,
1406 595 1476 617 una
1494 584 1559 623 die,

278 659 459 705 postquam
494 663 626 697 missam
659 666 701 698 de
731 665 857 700 Sancto
893 666 1072 699 Salvatore
1101 664 1305 705 celebrasset,
1338 665 1432 698 febre
1458 669 1560 698 acuta

278 746 400 782 tactus,
421 743 677 784 testamentum,
701 747 794 789 quod
817 747 853 779 in
877 747 1041 779 codicillis
1065 746 1190 779 habuit
1207 746 1302 779 omni
1319 757 1410 779 anno
1428 746 1559 779 confec-

279 828 366 862 tum,
394 829 516 858 vocato
542 827 688 865 notario,
714 827 751 859 in
777 825 973 860 testamenti
998 827 1147 859 formam
1173 827 1338 866 condidit,
1362 831 1559 860 executores

279 906 486 944 nominavit,
504 917 558 939 res
577 903 638 938 fibi
657 918 677 939 a
694 906 769 939 Deo
787 905 967 945 concessas,
986 907 1029 940 ad
1048 907 1106 950 pia
1123 908 1207 946 loca,
1225 906 1506 952 consanguineos,
1525 913 1558 940 et

274 996 442 1028 pauperes
460 987 590 1030 legavit
605 996 612 1018 :
639 985 766 1029 postea,
784 985 966 1020 confessore
984 991 1116 1026 vocato,
1134 998 1213 1021 cum
1239 989 1333 1021 omni
1357 989 1559 1021 maturitate

275 1064 442 1100 confessus
460 1065 520 1106 est,
539 1073 573 1101 et
591 1067 805 1102 sacramenta
822 1067 1043 1102 Eukaristiae
1064 1073 1099 1102 et
1119 1073 1294 1103 extremae
1314 1071 1489 1103 unctionis
1507 1081 1559 1103 re-

276 1154 436 1181 verenter
454 1146 619 1192 sumpfit3
646 1147 703 1182 sed
721 1150 758 1182 in
781 1153 936 1183 extrema
953 1150 1050 1189 hora,
1074 1149 1196 1194 plausu
1219 1161 1399 1189 manuum,
1418 1151 1555 1195 vulgari

275 1227 392 1262 nostro
406 1230 614 1263 exclamavit
626 1234 689 1269 ter,
708 1233 728 1247 ‘⁵
751 1228 799 1263 W
796 1228 861 1275 ely,
881 1228 992 1274 JVelJs,
1011 1229 1064 1264 W
1057 1229 1112 1276 ely
1124 1232 1154 1269 ;’'
1169 1236 1203 1265 et
1214 1231 1306 1264 facto
1317 1228 1413 1276 figno
1424 1230 1558 1264 sanctae

279 1310 401 1348 crucis,
428 1313 448 1326 “
467 1307 502 1341 in
520 1320 645 1343 manus
662 1311 759 1343 tuas'’
781 1311 908 1350 dicens,
927 1311 1124 1355 exspiravit.
1175 1310 1257 1345 Post
1277 1312 1376 1356 cujus
1399 1316 1558 1351 mortem,

277 1390 351 1434 ejus
370 1396 534 1424 executor
551 1391 682 1424 dictum
702 1392 811 1425 altare
828 1391 947 1426 Sancti
966 1392 1157 1426 Salvatoris
1175 1397 1268 1426 certo
1286 1404 1402 1426 annuo
1419 1394 1558 1426 redditu

277 1471 375 1504 auxit
395 1481 404 1510 ;
440 1471 714 1505 anniversarium
742 1484 804 1516 per
834 1474 1050 1517 capellanum
1081 1473 1231 1519 ejusdem
1262 1475 1443 1508 annuatim
1473 1474 1557 1513 fieri,

277 1550 424 1595 episcopi
442 1553 648 1586 auctoritate
670 1558 704 1586 et
724 1554 867 1597 capituli
886 1552 1059 1594 consensu,
1078 1555 1255 1595 obtinuit3
1281 1555 1388 1589 libros
1406 1555 1557 1599 capitulo

277 1633 409 1677 legatos
423 1633 637 1667 deliberavit.

326 1874 755 1909 PRAEBENDARIUS
784 1877 826 1910 de
851 1876 1117 1923 Inchmagrano,
1146 1876 1314 1924 Magister
1342 1877 1554 1912 lVillielmus

278 1954 462 1999 Lindesay‚
482 1956 631 1989 vicarius
649 1957 690 1989 de
708 1956 743 1989 N
746 1957 870 1997 ewtile,
887 1957 1044 1992 mansum
1063 1957 1203 1992 honeste
1227 1960 1412 2003 reparavit,
1435 1970 1553 2003 ymmo

277 2033 373 2079 quafi
391 2037 432 2070 de
450 2048 541 2071 novo
559 2036 761 2071 construxit.

907 2129 919 2153 1
