1837 2698
118 738 155 767 A.
164 738 203 768 D.
222 741 310 770 1396.

339 299 384 333 16
522 299 661 330 VITAE
684 298 1012 330 EPISCOPORUM
1034 297 1440 329 DUNKELDENSIUM.

385 488 645 523 MAGISTER
677 489 944 523 JOHANNES
974 489 1130 528 PEBLIS,
1157 489 1264 534 Regis
1286 489 1530 527 cancellarius,
1555 489 1612 521 vir

338 581 545 615 magnarum
564 572 779 604 auctoritatis
798 576 832 604 et
849 571 1050 610 literarum3
1075 572 1137 615 qui
1154 571 1226 604 fieri
1246 570 1326 603 fecit
1344 571 1490 603 vitream
1508 568 1614 602 fenes-

338 656 427 684 tram
442 652 642 684 orientalem
655 652 749 684 chori
764 649 1027 691 Dunkeldenfis,
1040 649 1181 685 diversis
1195 651 1417 696 ymaginibus
1432 651 1524 684 vitro
1537 651 1614 684 albo

337 732 437 775 pictis
466 733 687 772 decoratam3
723 737 757 765 et
780 733 866 765 obiit
891 744 982 765 anno
1008 734 1139 766 domini
1170 729 1350 765 millesimo
1379 729 1615 764 trecentesimo

336 811 554 858 nonagesimo
572 812 676 847 sexto.
711 813 788 852 Cui,
806 824 868 856 per
886 812 1041 846 favorem
1060 812 1167 858 Regis
1185 824 1268 857 erga
1284 811 1445 851 sororem,
1463 809 1613 845 succeffit

376 1057 643 1092 ROBERTUS
654 1060 695 1092 de
708 1059 789 1092 CAR
795 1067 921 1097 DENY,
933 1058 1023 1091 filius
1035 1058 1194 1091 Duncani
1207 1059 1248 1091 de
1260 1058 1420 1101 Cardeny
1431 1058 1472 1090 de
1483 1058 1613 1096 codem,

333 1144 366 1171 et
390 1137 506 1182 postea
528 1151 590 1182 per
614 1140 875 1173 matrimonium
900 1141 1022 1173 domus
1047 1140 1088 1172 de
1110 1139 1217 1179 Foss;
1245 1140 1306 1183 qui
1324 1137 1417 1172 stetit
1437 1137 1613 1182 episcopus

330 1229 392 1261 per
409 1221 642 1264 quadraginta
659 1231 779 1257 annos,
798 1225 832 1253 et
849 1221 961 1253 multa
977 1220 1069 1253 bona
1086 1221 1167 1265 egit.
1207 1217 1424 1263 Conqucstus
1440 1217 1489 1252 est
1503 1223 1613 1252 terras

333 1299 375 1331 de
393 1300 564 1339 Muklere,
587 1312 630 1333 ex
652 1312 721 1344 qua
743 1300 908 1334 fundavit
926 1301 1095 1333 vicarium
1114 1305 1320 1344 perpetuum
1338 1301 1374 1333 in
1393 1300 1496 1332 choro
1514 1299 1614 1332 Dun-

331 1380 492 1421 keldenfi,
511 1380 642 1415 missam
660 1382 913 1415 celebraturum
932 1382 975 1414 ad
993 1383 1101 1415 altare
1120 1381 1238 1414 Sancti
1257 1379 1404 1414 Niniani
1423 1381 1459 1413 in
1478 1379 1613 1414 ecclesia

332 1460 578 1500 Dunkeldenfi‚
604 1463 695 1506 quod
722 1461 792 1505 ipse
818 1461 1011 1495 construxit
1034 1467 1068 1495 et
1089 1463 1237 1496 ornavit.
1290 1462 1469 1494 Fundavit
1487 1472 1611 1494 navem

332 1541 487 1577 ecclefiae
504 1542 583 1576 suae
601 1540 867 1582 Dunkeldenfis,
890 1544 944 1576 die
962 1544 1058 1588 xxvij
1079 1543 1226 1587 Aprilis,
1244 1554 1335 1576 anno
1353 1543 1483 1576 domini
1503 1543 1612 1575 mille-

331 1621 415 1656 fimo
437 1621 775 1668 quadringentesimo
798 1622 903 1663 sexto,
928 1629 962 1657 et
985 1622 1177 1657 construxit
1195 1623 1301 1667 usque
1319 1623 1482 1656 secundos
1500 1635 1610 1662 arcus,

330 1704 523 1748 vulgariter
548 1702 581 1736 le
606 1701 836 1749 ὒῖμὶιτζβονῇε.
887 1704 1063 1737 Palatium
1090 1703 1237 1748 episcopi
1264 1704 1332 1737 fuit
1358 1703 1418 1737 suo
1445 1709 1610 1747 tempore,

331 1786 524 1828 alpinatum
541 1796 647 1824 more,
665 1796 707 1818 ex
724 1784 883 1818 domibus
902 1786 1036 1830 magnis
1054 1784 1156 1829 super
1173 1790 1302 1819 terram
1320 1783 1524 1818 constructis
1539 1795 1548 1824 ;
1576 1790 1610 1818 et

333 1876 375 1898 ex
392 1865 456 1898 hoc
474 1866 615 1908 quidam
634 1866 794 1898 malevoli
813 1864 1065 1899 insidiabantur
1082 1865 1237 1910 episcopo
1255 1867 1297 1899 de
1315 1871 1424 1905 nocte,
1445 1877 1466 1899 a
1483 1865 1609 1910 quibus

332 1950 431 1978 caute
452 1943 558 1979 evafit
579 1947 621 1979 ad
644 1946 789 1979 fratrem
814 1945 913 1979 suum
937 1947 1146 1980 Duncanum
1165 1947 1327 1991 Cardeny
1343 1948 1385 1980 de
1405 1946 1580 1980 Inchewin
1597 1957 1607 1985 ;

334 2030 368 2058 et
381 2024 496 2069 postea
510 2025 701 2060 construxit
717 2028 897 2071 antiquam
910 2028 1036 2060 turrim
1050 2039 1138 2072 quae
1152 2028 1264 2061 adhuc
1278 2026 1337 2067 est,
1354 2028 1445 2060 inter
1458 2031 1609 2060 caeteras

334 2106 460 2140 ibidem
479 2105 714 2147 munitiffima,
732 2112 767 2141 et
783 2109 898 2142 aulam
917 2120 995 2141 cum
1014 2110 1188 2143 lardnaria
1203 2114 1237 2143 et
1249 2109 1419 2153 granariis
1433 2107 1552 2141 subtus
1565 2107 1608 2141 de
