1837 2698
381 315 520 346 VITAE
543 315 874 348 EPISCOPORUM
896 313 1310 346 DUNKELDENSIUM.
1471 318 1491 349 7

255 506 277 539 J
280 505 521 540 OHANNES
534 512 763 552 cognomento
775 507 937 547 SCOTUS,
948 507 1088 540 natione
1102 511 1220 539 tamen
1231 460 1487 549 Angliculqui

207 592 309 621 antea
337 586 456 621 Sancti
485 586 647 622 Andreae
677 588 953 628 archidiaconus,
977 589 1014 621 in
1040 586 1235 631 episcopum
1261 584 1412 630 ejusdem
1439 583 1488 617 est

207 670 344 708 electus,
374 679 466 702 anno
499 669 632 702 domini
666 649 848 703 inillefimo
879 666 1063 703 centefimo
1092 664 1302 712 sexagesimo
1331 665 1487 709 septimo.

208 750 285 784 Rex
309 755 427 784 tamen
444 749 643 784 lVillehnus
668 751 720 784 illi
746 751 904 784 electioni
930 748 1106 788 diffentiit,
1132 753 1167 781 et
1190 748 1284 792 quod
1309 757 1489 790 nunquam

209 832 251 865 ad
274 832 374 865 illum
400 831 633 875 episcopatum
661 832 906 866 admitteretur
931 842 993 875 per
1020 830 1202 864 brachium
1228 829 1346 862 Sancti
1371 827 1492 861 Jacohi

205 914 363 958 juravit3
391 913 676 957 capellanumque
701 911 801 946 suum
828 913 1018 957 Hugonem
1044 912 1141 956 regia
1158 910 1364 944 auctoritate
1382 909 1494 943 conse-

209 994 298 1027 crari
315 993 396 1028 fecit
411 1004 420 1034 ;
447 995 530 1038 quia
555 995 668 1028 dictus
686 994 709 1027 J
711 995 865 1027 ohannes
883 994 1025 1027 natione
1042 992 1215 1038 Anglicus
1233 996 1319 1030 erat,
1337 996 1372 1024 et
1388 995 1492 1024 natus

209 1075 246 1108 in
263 1074 349 1108 villa
361 1075 402 1107 de
414 1074 563 1108 Podoth.
617 1074 686 1108 Hic
703 1074 726 1107 J
728 1075 894 1114 ohannes,
908 1073 1092 1119 postquam
1111 1085 1132 1107 a
1148 1072 1271 1107 scholis
1284 1070 1425 1106 Parifiis
1443 1084 1496 1106 re-

210 1154 338 1195 versus,
355 1155 538 1189 devotione
555 1154 755 1200 instigante,
766 1156 889 1189 limina
907 1154 1051 1200 apostoli
1070 1155 1188 1189 Sancti
1205 1154 1368 1187 Andreae
1381 1152 1496 1187 vifita-

210 1237 272 1275 vit,
290 1241 324 1269 et
342 1236 386 1269 ab
403 1235 559 1280 episcopo
584 1237 734 1282 benigne
759 1235 946 1280 susceptus,
964 1247 1035 1269 non
1060 1237 1212 1269 multum
1238 1233 1314 1278 post
1331 1236 1368 1268 in
1386 1234 1497 1268 archi-

211 1318 406 1357 diaconum,
425 1323 459 1351 et
476 1322 615 1351 mortuo
633 1318 783 1351 Ricardo
802 1317 919 1351 Sancti
937 1316 1100 1350 Andreae
1118 1315 1285 1360 episcopo,
1303 1317 1364 1360 qui
1381 1316 1497 1349 fuerat

211 1399 407 1442 capellanus
425 1398 603 1432 Malcohni
630 1398 734 1444 regis,
760 1399 798 1432 in
823 1397 1019 1442 episcopum
1046 1396 1096 1431 est
1119 1399 1272 1437 electus;
1300 1398 1356 1430 cui
1373 1395 1499 1430 restitit

211 1492 272 1514 rex
284 1480 483 1514 &Villelmus
500 1481 687 1524 predictus,
701 1485 735 1514 et
753 1485 826 1513 tam
844 1491 924 1513 eum
942 1491 1048 1524 quam
1061 1479 1139 1513 suos
1157 1480 1262 1513 exilio
1273 1480 1499 1523 dampnavit:

211 1562 304 1606 quod
329 1562 503 1606 patienter
527 1560 707 1600 sustinens,
726 1561 860 1605 Papam
885 1560 1127 1594 Alexandrum
1153 1562 1298 1594 tertium
1323 1561 1420 1599 adiit,
1446 1572 1500 1594 ca-

213 1641 286 1675 sum
304 1643 426 1676 retulit
441 1653 450 1682 3
477 1653 547 1686 quo
564 1643 696 1682 audito,
713 1641 811 1686 Papa
822 1653 902 1676 eum
914 1642 1134 1676 confirmavit
1147 1647 1181 1675 et
1192 1642 1344 1676 Scotiam
1357 1640 1498 1679 remisit,

215 1733 252 1755 ac
278 1721 390 1756 secum
416 1722 564 1757 Alexem
590 1724 774 1757 diaconum
801 1724 1012 1757 cardinalem
1038 1724 1205 1757 nuncium
1230 1721 1333 1762 misit,
1359 1724 1419 1767 qui
1439 1724 1499 1755 vix

215 1815 295 1848 rege
320 1804 542 1847 permittente
568 1806 721 1848 recepti:
747 1809 782 1838 et
799 1805 836 1838 ni
853 1802 1022 1838 refisteret
1047 1806 1161 1838 dictus
1185 1804 1364 1838 Johannes
1381 1803 1499 1837 Sancti

216 1885 378 1918 Andreae
396 1884 582 1928 episcopus,
600 1886 739 1919 clericos
757 1886 850 1931 regis
868 1883 1190 1923 excommunicasset
1209 1890 1244 1918 et
1261 1882 1420 1918 diocefim
1447 1885 1499 1917 in-

216 1963 427 1998 terdixifl'et:
454 1965 520 1998 Sed
541 1971 729 1999 convocato
746 1967 959 2010 prelatorum
985 1964 1124 2000 consilio
1141 1967 1234 2010 apud
1252 1963 1499 1999 monasterium

217 2046 362 2080 Sanctae
369 2046 501 2086 Crucis,
513 2047 645 2080 dictum
658 2046 681 2079 J
683 2047 854 2080 ohannem
867 2047 1152 2081 SanctiAndreae
1166 2046 1362 2092 episcopum
1378 2047 1500 2081 confir-

220 2132 363 2167 matum,
388 2139 450 2172 per
474 2127 657 2162 Matheum
675 2127 871 2172 episcopum
888 2128 1170 2163 Aberdonensem
1187 2127 1374 2163 consecrari
1391 2129 1473 2162 fecit
1488 2140 1496 2163 :
