1837 2698
285 278 353 313 106
567 279 830 311 COMPOTUM
851 280 1080 311 MAGISTRI
1101 279 1299 311 FABRICE

282 387 450 421 Omnium
464 387 671 421 Sanctorum
690 389 771 421 anni
787 395 844 422 ’ἐςθ
860 391 893 422 vc
907 389 1031 422 decimi
1044 390 1081 422 in
1094 390 1185 422 diem
1201 389 1417 422 Inventionis
1430 387 1555 421 Sancte

281 467 401 501 Crucis
428 469 465 501 in
491 480 581 502 anno
606 474 662 502 *beq
682 471 716 502 vc
733 470 810 514 xiij⁰
827 470 919 502 diem
942 469 999 503 sue
1021 470 1277 503 exoneracionis
1299 469 1343 502 ab
1358 467 1556 514 hujusmodi

280 549 389 582 officio
412 551 592 583 extenden.
610 551 654 583 ad
676 561 807 583 annum
825 561 903 583 cum
922 551 1067 584 dimidio
1085 555 1119 584 et
1137 551 1267 593 capien.
1285 551 1376 583 dicto
1394 549 1417 582 J
1420 550 1556 582 ohanne

278 641 339 673 per
357 641 486 663 annum
506 631 592 663 citra
609 629 773 663 ferrinam
793 631 1026 675 quadraginta
1043 629 1167 664 solidos
1189 641 1211 663 v
1228 631 1262 663 li.
1313 629 1363 663 Et
1387 631 1555 663 allocatur

277 710 387 743 eidem
410 721 472 753 per
494 710 737 743 liberacionem
761 711 888 744 factam
912 711 1064 744 Domino
1089 711 1224 744 Thome
1249 710 1356 755 Greig
1377 714 1461 743 tunc
1479 721 1556 753 pre-

278 792 442 825 bendario
464 792 506 825 de
530 790 758 826 Fardeschaw
779 793 821 825 de
843 793 1009 826 mandato
1033 793 1164 825 domini
1188 803 1252 835 pro
1278 792 1370 824 dicto
1396 791 1556 823 Johanne

277 872 352 905 Fod
378 873 414 905 in
440 872 575 905 firmam
602 873 751 905 duarum
777 884 936 906 acrarum
962 877 1053 906 terre
1075 873 1117 906 de
1139 872 1274 905 duabus
1298 871 1398 904 bollis
1424 871 1555 903 farrine

275 953 347 996 xxij
379 956 403 986 ἔ.
460 952 509 986 Et
539 954 706 986 auocatur
736 953 847 986 eidem
876 964 938 996 per
967 953 1210 986 liberacionem
1242 952 1369 985 factam
1399 951 1553 984 ,Iohanni

275 1032 426 1066 Stewart
457 1034 556 1066 alteri
583 1034 789 1067 veredorum
819 1032 951 1067 custodi
981 1034 1111 1077 capien.
1137 1034 1174 1066 in
1201 1044 1292 1066 anno
1320 1033 1553 1076 quadraginta

274 1113 398 1147 solidos
417 1119 450 1147 et
471 1125 491 1147 a
512 1115 603 1147 dieto
621 1113 706 1148 festo
730 1114 898 1147 Omnium
917 1114 1123 1147 Sanctorum
1141 1115 1178 1146 in
1196 1124 1287 1146 anno
1313 1118 1370 1145 *bc*
1389 1114 1422 1144 vc
1441 1113 1499 1144 xm
1516 1113 1553 1144 in

272 1192 397 1227 festum
411 1194 578 1227 Omnium
597 1194 803 1227 Sanctorum
815 1195 851 1227 in
868 1206 959 1227 anno
978 1199 1035 1227 33&
1050 1196 1083 1227 vC
1098 1195 1184 1238 xiij0,
1203 1194 1236 1237 vj
1254 1194 1289 1226 li.
1316 1192 1366 1225 Et
1384 1194 1552 1225 allocatur

275 1275 384 1307 eidem
410 1284 472 1318 per
501 1275 745 1308 liberacionem
774 1275 903 1308 factam
932 1275 1086 1308 Johanni
1118 1274 1261 1318 Sowlug
1292 1274 1335 1306 ad
1365 1273 1488 1317 bighas
1519 1277 1552 1305 et

273 1356 478 1389 veredorum
506 1354 696 1389 custodiam
725 1356 878 1389 laboran.
905 1361 939 1389 et
970 1357 1100 1400 capion.
1131 1367 1192 1399 per
1223 1355 1370 1399 triginta
1398 1353 1455 1387 sex
1480 1352 1553 1396 sep-

275 1437 423 1469 timanas
442 1437 478 1469 in
494 1435 685 1479 septimana
703 1441 779 1470 octo
802 1437 960 1469 denarios
987 1437 1167 1469 extenden.
1185 1436 1222 1468 in
1240 1435 1339 1468 totali
1357 1433 1490 1467 summa
1507 1434 1549 1465 ad

314 1495 337 1507 ΟΥ

273 1596 397 1629 seniori
415 1601 569 1639 tempore
587 1596 799 1628 infirmitatis
823 1595 972 1628 Stewart
989 1606 1050 1638 per
1067 1606 1173 1628 unam
1192 1594 1418 1638 septimanam
1437 1593 1496 1637 viij
1516 1591 1548 1625 d.

272 1676 322 1709 Et
340 1677 508 1710 allocatur
534 1677 643 1709 eidem
671 1687 733 1719 per
755 1676 999 1709 liberacionem
1017 1675 1145 1708 factam
1163 1673 1188 1708 J
1191 1675 1320 1707 ohanni
1338 1673 1548 1707 Senfindlaio

272 1757 353 1790 Scot
371 1757 414 1789 ab
438 1757 618 1789 undecimo
641 1756 727 1800 Maij
749 1757 793 1789 ad
810 1756 934 1801 bighas
958 1757 995 1789 in
1011 1754 1136 1788 festum
1155 1755 1323 1788 Omnium
1342 1754 1546 1787 Sanctorum

273 1842 355 1869 tunc
371 1835 507 1880 sequen.
526 1837 599 1881 xxij
620 1839 644 1869 ἔ.
695 1836 746 1869 Et
763 1837 931 1869 allocatur
948 1837 1058 1868 eidem
1076 1847 1138 1879 per
1155 1835 1398 1875 liberacionem
1419 1833 1546 1866 factam

272 1916 422 1962 Georgio
441 1917 594 1950 Gromen
615 1918 700 1950 alias
712 1916 837 1949 Bernis
856 1928 876 1950 a
894 1915 979 1950 festo
998 1916 1167 1949 Omnium
1179 1916 1386 1949 Sanctorum
1404 1915 1440 1947 in
1455 1925 1545 1947 anno

273 2001 330 2029 *tc*
352 1998 386 2028 vc
407 1997 480 2040 ijo
502 1997 539 2029 in
565 1997 656 2029 idem
681 1994 806 2029 festum
832 1996 913 2029 anni
933 2001 990 2028 40⁴
1010 1997 1044 2029 ve
1061 1996 1122 2040 xiij
1151 1975 1200 2039 iiij
1220 1996 1255 2028 li.
1306 1994 1356 2027 Et
1379 1995 1545 2026 allocatur

272 2077 381 2110 eidem
403 2088 463 2120 per
480 2077 721 2110 liberacionem
744 2076 871 2110 factam
894 2076 1034 2110 Andree
1057 2076 1282 2110 M⁰W⁷alkane
1304 2078 1428 2118 quarto
1450 2084 1545 2106 vere-
