1837 2698
266 311 311 343 58
449 305 588 337 VITAE
611 304 939 337 EPISCOPORUM
960 302 1364 335 DUNKELDENSIUM.

265 416 332 449 Sed
360 417 395 449 ni
422 416 613 449 adulatorie
639 413 756 448 (lixiss'e
777 415 964 459 judicarer,
990 415 1100 447 multa
1125 414 1166 446 de
1191 413 1296 457 hujus
1321 412 1446 445 nobilis
1472 412 1538 444 viri

265 497 450 540 praeclaris
470 496 603 529 actibus
622 496 756 529 dicendi
775 496 859 528 mihi
879 495 977 538 copia
994 492 1083 527 esset.

314 738 520 772 CANTOR
545 736 724 776 Ecclefiae,
750 737 900 770 Jacobus
928 737 1098 775 Fentoun,
1125 736 1168 768 ob
1191 734 1286 768 suam
1307 735 1538 778 prudentiam,

265 820 356 853 dicto
374 819 529 864 Georgeo
548 819 769 851 Camerarius
787 816 994 863 defignatur,
1018 821 1052 850 et
1075 817 1166 849 inter
1188 813 1397 859 praepofitos
1417 815 1539 847 domus

264 906 298 933 et
317 899 469 933 consules
487 899 631 933 secretos
649 901 782 943 primus
798 910 807 939 ς
835 899 895 942 qui
914 899 1005 942 apud
1025 896 1208 936 ecclefiam,
1231 895 1294 930 nis]
1312 908 1375 940 pro
1393 894 1538 939 episcopi

264 981 487 1024 beneplacito,
515 978 692 1019 refidebat,
719 985 753 1013 et
780 991 820 1013 eo
847 978 1032 1023 praesente.
1084 978 1201 1011 Unam
1229 988 1373 1020 cappam
1399 975 1537 1009 sericam

265 1062 378 1095 albam
397 1059 442 1094 lie
459 1059 628 1100 dammaes‘,
646 1072 724 1093 cum
743 1061 884 1104 capucio
903 1065 937 1093 et
953 1059 1154 1093 lateralibus
1172 1058 1323 1091 fimbreis
1341 1057 1406 1090 filis
1425 1058 1538 1090 aureis

269 1141 446 1185 sericisque
465 1142 644 1180 contextis,
668 1142 704 1174 in
728 1141 950 1186 ymaginibus
975 1140 1180 1173 Sanctorum
1198 1138 1337 1177 obsutis,
1360 1138 1540 1171 Dunkeld-

265 1221 333 1256 enfi
357 1220 512 1255 ecclesiae
537 1223 655 1261 dedit3
682 1227 716 1255 et
740 1223 825 1255 duas
849 1223 1053 1265 capellanias
1077 1222 1113 1254 in
1137 1218 1272 1254 ecclefia
1294 1220 1481 1264 parochiali
1498 1220 1539 1252 de

266 1304 384 1342 Perth,
398 1304 440 1336 ad
454 1303 562 1336 altare
576 1302 719 1336 Sanctae
735 1303 867 1335 Mariae
879 1304 920 1335 de
934 1301 1171 1341 consolatione,
1183 1301 1344 1334 fundavit
1356 1311 1365 1340 3
1384 1300 1538 1334 tabulam

265 1385 375 1417 eidem
394 1388 428 1416 et
445 1385 659 1417 antemurale
676 1381 905 1417 decentiffime
928 1384 1002 1416 fieri
1025 1383 1117 1422 fecit,
1140 1383 1270 1425 pariter
1292 1386 1325 1415 et
1349 1380 1476 1421 sedilia,
1500 1393 1538 1415 ac

265 1465 403 1498 sacenae
417 1466 625 1498 coelaturam
639 1469 832 1508 opportune
843 1466 995 1508 coaptari
1009 1475 1017 1504 ;
1037 1470 1070 1498 et
1082 1465 1223 1498 domum
1235 1464 1428 1507 antiquitus
1439 1463 1538 1506 super

265 1548 377 1590 ripam
400 1557 508 1589 aquae
533 1547 574 1579 de
599 1546 698 1590 Taya
720 1547 755 1579 in
780 1545 897 1579 manso
921 1546 1070 1579 cantoris
1094 1546 1186 1584 tulit,
1212 1549 1246 1577 et
1269 1545 1311 1577 ad
1330 1545 1535 1577 anteriorem

266 1625 374 1660 manfi
391 1632 524 1670 partem
543 1631 577 1660 et
594 1628 754 1670 plateam,
772 1628 924 1665 domum,
942 1624 967 1659 sl
986 1629 1215 1669 repararetur,
1229 1625 1359 1658 cantori
1373 1623 1537 1658 sufficien-

266 1713 347 1746 tem,
365 1706 566 1747 construxit,
585 1713 618 1741 et
636 1709 762 1753 tegulis
780 1709 908 1752 parvis,
926 1709 1031 1753 vulgo
1041 1705 1166 1751 ι[ε’(ιῖιιχε
1184 1707 1324 1746 vocatis,
1343 1707 1413 1751 tegi
1431 1707 1511 1740 fecit
1526 1717 1535 1746 3

264 1794 297 1821 et
315 1787 500 1821 claustrum
521 1790 761 1822 canonicorum
781 1790 964 1823 decoravit.
983 1790 1116 1833 reliqua
1132 1786 1241 1822 manfi
1258 1788 1391 1821 edificia
1410 1787 1537 1833 Magis-

264 1874 316 1901 ter
338 1869 512 1902 Robertus
529 1869 676 1903 Boswell
695 1868 896 1904 construxit.
947 1870 1114 1915 Magnam
1132 1870 1300 1903 familiam
1319 1870 1426 1903 Perth
1442 1869 1536 1902 fove-

266 1949 334 1987 bat,
353 1954 386 1982 et
403 1949 552 1984 honestis
567 1950 826 1996 consanguineis
841 1952 931 1985 vitae
945 1949 1126 1985 necessaria
1138 1952 1319 1995 praebuit3
1343 1962 1532 1995 pauperum

266 2031 392 2070 fautor,
416 2037 450 2065 et
473 2033 521 2066 eis
545 2034 644 2078 larga
666 2044 773 2066 manu
795 2031 972 2077 praefidio,
996 2032 1018 2067 J
1021 2033 1146 2068 acobus
1165 2037 1295 2073 cantor,
1313 2033 1368 2066 vir
1384 2033 1534 2065 multum

265 2111 384 2151 fidelis,
403 2113 444 2145 (le
462 2111 530 2146 suis
548 2114 722 2152 laudatus,
740 2114 839 2147 vixit.
