1837 2698
646 289 810 322 PONTIS
832 289 1190 322 DUNKELDENSIS.
1496 297 1563 331 137

283 398 408 432 factam
434 397 589 432 Roberto
616 399 771 444 Merl3on
797 401 833 434 in
858 401 1049 434 mercedem
1073 400 1201 433 laboris
1225 398 1275 433 sui
1300 411 1320 433 a
1336 398 1422 433 festo
1440 400 1556 433 Sancti

282 478 427 512 Mertini
450 480 486 512 in
510 491 600 513 anno
621 485 677 513 *tc*
697 482 731 512 vc
749 481 1005 524 decimoquinto
1022 481 1059 514 in
1077 482 1223 514 eundem
1242 481 1331 513 diem
1351 492 1442 514 anno
1459 492 1555 514 revo-

281 560 354 592 luto
371 561 520 603 capienti
535 572 596 604 per
614 572 743 594 annum
763 563 948 595 octodecim
969 562 1074 595 libras
1094 561 1263 595 trisdecim
1283 560 1406 594 solidos
1425 568 1458 594 et
1472 573 1556 605 qua-

279 644 358 673 tuor
369 641 527 674 denarios
539 647 642 684 prout
656 642 693 674 in
704 643 829 675 ultimo
843 647 1000 686 compoto
1014 643 1243 686 compotantis
1256 643 1391 675 reddito
1403 647 1442 675 ut
1453 642 1555 686 supra

278 731 339 763 per
357 725 493 765 tempus
511 724 661 766 compoti
712 722 762 756 Et
779 735 842 766 pro
860 722 956 756 servo
974 723 1032 756 suo
1051 723 1073 755 J
1076 724 1210 756 ohanne
1229 723 1500 767 Cunnynghaim
1518 725 1553 756 in

277 803 467 835 mercedem
484 803 611 836 laboris
629 803 680 836 sui
698 804 867 837 conducto
885 809 1007 837 octavo
1025 805 1079 836 die
1097 801 1220 836 menfis
1236 803 1396 836 Octobris
1411 805 1448 836 in
1462 815 1552 836 anno

278 888 334 915 *tc*
348 884 382 916 ve
392 883 462 916 xvh*
475 884 512 916 in
526 884 673 916 eundem
686 885 778 916 diem
796 895 886 917 anno
904 885 1061 916 revoluto
1080 895 1142 926 pro
1160 895 1229 926 quo
1247 884 1358 916 dictus
1378 883 1551 916 Robertus

276 961 324 996 est
342 964 504 996 actitatus
522 965 669 1007 capienti
687 975 749 1007 per
766 975 897 996 annum
916 964 1095 996 duodecim
1114 964 1219 996 libras
1238 963 1408 996 trisdecim
1428 964 1550 997 solidos

275 1048 309 1077 et
327 1046 402 1077 octo
420 1045 578 1077 denarios
629 1043 678 1077 Et
704 1055 766 1087 pro
792 1043 851 1077 suo
877 1044 1008 1076 famulo
1035 1043 1150 1077 Alano
1176 1045 1345 1077 conducto
1371 1048 1412 1077 ut
1437 1045 1549 1077 dictus

274 1124 447 1158 Robertus
471 1126 620 1168 capienti
644 1136 705 1168 per
729 1136 859 1158 annum
883 1126 919 1157 in
944 1125 1134 1157 mercedem
1155 1125 1282 1158 laboris
1300 1124 1350 1157 sui
1369 1124 1425 1157 sex
1442 1125 1548 1158 libras

272 1206 451 1237 extenden.
470 1206 505 1237 in
527 1205 627 1237 totali
651 1205 797 1248 pecunia
815 1203 938 1237 eisdem
957 1205 1146 1237 deliberata
1163 1216 1224 1248 per
1243 1210 1378 1248 tempus
1398 1206 1547 1248 compoti

270 1284 355 1328 xxiij
376 1285 410 1317 li.
430 1285 465 1328 iij
487 1287 510 1316 Ξ.
529 1263 578 1328 iiij
599 1281 632 1317 d.
683 1283 733 1316 Et
751 1285 918 1317 allocatur
935 1284 1046 1316 eidem
1065 1285 1101 1316 in
1121 1295 1272 1317 errorem
1292 1285 1411 1317 calculi
1431 1285 1545 1317 ultimi

269 1364 319 1398 sui
338 1365 488 1408 compoti
506 1365 631 1397 redditi
649 1369 688 1397 ut
711 1363 814 1407 supra
835 1369 875 1397 ut
897 1368 992 1408 patet
1013 1365 1050 1397 in
1071 1365 1156 1407 pede
1178 1365 1283 1408 primi
1306 1365 1424 1397 lateris
1446 1366 1542 1408 tercij

268 1445 340 1489 folij
372 1444 596 1488 expensarum
626 1456 688 1488 per
718 1444 959 1477 liberacionem
984 1444 1111 1477 factam
1139 1446 1231 1478 dicto
1258 1445 1412 1478 Roberto
1440 1445 1546 1477 Merl-

266 1536 329 1568 3011
355 1527 523 1558 conducto
550 1526 587 1558 in
613 1523 698 1558 festo
726 1525 844 1558 Sancti
872 1525 1017 1558 Mertini
1046 1526 1129 1558 anni
1157 1531 1215 1559 *tc*
1242 1527 1276 1558 νε
1302 1526 1543 1568 decimiquarti

265 1608 302 1640 in
331 1608 478 1640 eundem
508 1607 599 1639 diem
629 1617 720 1639 anno
750 1606 908 1639 revoluto
938 1606 1087 1648 capienti
1118 1617 1179 1649 per
1211 1617 1341 1639 annum
1373 1604 1543 1638 trisdecim

265 1687 369 1720 libras
387 1686 444 1720 sex
461 1687 583 1720 solidos
603 1690 637 1719 et
655 1690 731 1719 octo
748 1686 906 1719 denarios
925 1696 963 1718 ac
981 1690 1057 1718 octo
1082 1685 1189 1718 bollas
1213 1685 1343 1719 farrine
1361 1697 1424 1728 pro
1442 1686 1542 1728 quin-

264 1767 432 1811 quaginta
452 1767 565 1800 tribus
588 1766 702 1799 solidis
726 1770 760 1798 et
783 1770 933 1809 quatuor
950 1766 1100 1798 denariis
1121 1766 1181 1798 ubi
1206 1770 1341 1798 tantum
1362 1770 1437 1798 octo
1456 1765 1542 1797 libre

264 1853 297 1881 et
323 1853 399 1881 octo
426 1848 558 1880 denarii
585 1846 797 1889 compotanti
820 1846 856 1878 iu
880 1846 972 1878 dicto
1000 1850 1159 1889 compoto
1190 1847 1382 1878 allocantur
1409 1843 1465 1877 sed
1493 1846 1542 1877 al-

263 1930 458 1962 locarentur
475 1927 685 1971 compotanti
703 1937 828 1959 novem
845 1926 931 1958 libre
949 1930 983 1958 et
1000 1924 1057 1958 sex
1074 1924 1170 1958 solidi
1184 1925 1232 1967 (ix
1251 1926 1285 1958 li.
1305 1926 1339 1958 vi
1358 1927 1396 1969 ἔ.)
1424 1924 1473 1958 Et
1489 1936 1542 1958 re-

262 2010 354 2054 lique
380 2014 530 2053 quatuor
555 2008 641 2041 libre
669 2012 704 2041 et
730 2011 806 2040 octo
836 2007 969 2039 denarii
993 2007 1029 2038 in
1052 2007 1314 2049 completionem
1341 2004 1538 2050 hujufinodi

260 2091 351 2124 feodi
364 2089 546 2124 solvuntur
563 2100 624 2133 per
635 2089 816 2122 dominum
830 2088 1005 2121 officialem
1022 2091 1056 2119 et
1074 2087 1339 2130 prebendarium
1356 2087 1398 2119 de
1409 2086 1537 2130 Alytht
