1837 2698
300 290 369 324 126
581 289 843 321 COMPOTUM
865 287 1091 320 MAGISTRI
1112 286 1307 320 FABRICE

294 397 451 443 Januarij
472 396 634 431 inclusive
652 397 802 442 ejusdem
819 399 900 431 anni
918 402 958 431 ut
976 403 1070 441 patet
1088 409 1149 441 per
1163 398 1269 431 libros
1284 398 1456 430 dietarum
1470 406 1561 428 com-

294 480 446 521 potantis
463 478 673 522 presentatos
691 484 725 511 et
742 479 997 521 particulariter
1015 479 1228 511 examinatos
1246 477 1346 521 super
1366 481 1564 520 compotum

294 560 331 591 in
349 564 487 592 centum
505 560 735 604 quadraginta
749 561 902 603 quinque
916 559 1013 592 libris
1032 559 1227 602 quindecim
1245 557 1359 590 solidis
1378 562 1412 590 et
1429 557 1563 590 duobus

295 640 443 672 denariis
460 640 489 683 jc
502 641 563 672 xlv
580 641 615 673 li.
633 651 681 672 xv
699 643 723 672 ἔ.
742 640 764 684 ij
785 638 818 672 d.
867 639 918 672 Et
935 641 1100 672 allocatur
1118 639 1228 672 eidem
1245 650 1306 682 per
1322 638 1563 671 liberacionem

291 720 417 752 factam
436 719 518 752 Mcle
542 731 605 763 pro
628 721 716 763 pelle
739 721 865 763 equina
886 721 928 752 ad
947 720 1172 752 conficiendas
1189 719 1332 762 pephias
1353 719 1563 751 verudorum

307 778 330 791 01⁷

293 883 326 911 et
344 880 424 921 pelli
442 880 513 923 lyn.
532 891 555 911 v
573 882 597 912 ἔ.
617 880 675 924 viij
695 878 728 912 d.
779 880 829 912 Et
846 881 1013 912 allocatur
1035 880 1146 912 eidem
1168 880 1205 911 in
1223 879 1434 922 empcionem
1457 878 1561 911 unius

289 960 434 1002 pectinis
453 960 535 992 ferri
554 961 692 993 verudis
707 961 914 992 mundandis
929 960 1059 1004 aurigis
1073 960 1251 992 deliberati
1265 970 1328 1002 pro
1342 970 1412 1001 quo
1425 957 1562 1001 respon-

289 1040 419 1073 debunt
437 1041 470 1084 vj
490 1038 522 1072 d.
574 1040 623 1073 Et
647 1042 813 1073 allocatur
836 1041 946 1073 eidem
970 1051 1031 1083 per
1053 1040 1294 1073 liberacionem
1316 1039 1444 1071 factam
1461 1038 1560 1071 fabro

288 1121 329 1153 de
347 1120 556 1165 Slogynhole
574 1132 637 1164 pro
655 1120 864 1153 confectione
882 1121 986 1153 unius
1004 1118 1050 1152 lie
1064 1119 1131 1165 pile
1147 1120 1230 1152 ferri
1248 1131 1291 1152 ex
1304 1119 1396 1152 ferro
1410 1118 1559 1163 ejusdem

288 1200 376 1234 fabri
394 1201 582 1234 deliberato
599 1201 621 1233 J
624 1201 728 1234 acobo
747 1201 878 1234 Lokert
895 1201 1040 1244 lapicide
1058 1200 1240 1243 principali
1258 1210 1321 1242 pro
1339 1210 1408 1242 quo
1425 1197 1562 1242 respon-

289 1281 382 1314 debit
400 1282 436 1325 iij
458 1285 482 1313 Ξ.
501 1282 561 1325 viij
581 1279 614 1313 d.
682 1281 731 1314 Et
754 1282 865 1314 eidem
891 1292 954 1324 pro
972 1280 1183 1313 confectione
1201 1281 1351 1314 duorum
1372 1277 1418 1312 lie
1435 1278 1561 1312 cadou-

289 1358 427 1394 nalisex
436 1361 527 1394 ferro
539 1362 766 1404 compotantis
781 1362 968 1394 deliberato
982 1362 1112 1395 Catour
1124 1372 1187 1404 pro
1202 1360 1328 1404 quibus
1343 1359 1560 1403 respondebit

288 1419 337 1484 iiij
357 1438 389 1473 d.
442 1441 490 1473 Et
507 1442 674 1473 allocatur
691 1442 801 1474 eidem
819 1442 856 1474 in
873 1442 1087 1484 empcionem
1109 1445 1247 1473 centum
1271 1439 1448 1484 sexaginta
1477 1451 1560 1483 qua-

289 1526 368 1554 tuor
385 1519 431 1553 lie
448 1520 598 1563 tlzrag'ffis
615 1522 734 1564 pabuli
753 1523 840 1554 varii
858 1523 964 1565 precii
982 1522 1162 1554 extenden.
1181 1522 1224 1553 ad
1241 1521 1338 1564 xxxij
1355 1523 1379 1553 ἕ.
1398 1531 1459 1563 per
1473 1526 1559 1553 tem-

289 1612 354 1644 pus
372 1602 521 1644 compoti
539 1602 582 1634 ad
600 1602 747 1634 vel-udos
799 1602 848 1634 Et
865 1603 901 1634 in
919 1603 1129 1645 empcionem
1148 1602 1251 1634 unius
1270 1602 1375 1645 panni
1393 1602 1476 1634 lanii
1496 1613 1560 1644 pro

289 1682 498 1715 confectione
512 1679 558 1714 lie
567 1680 749 1726 pannellis
767 1682 976 1714 verudorum
994 1682 1030 1714 ix
1043 1680 1075 1714 d.
1118 1681 1168 1714 Et
1185 1682 1351 1714 allocatur
1368 1682 1479 1714 eidem
1497 1693 1558 1724 per

288 1762 527 1795 liberacionem
546 1762 670 1795 factam
691 1762 841 1795 Domino
855 1761 1036 1795 Anthonio
1054 1761 1249 1795 M⁰D0wale
1266 1772 1329 1804 pro
1347 1761 1558 1794 confectione

287 1848 436 1885 quatuor
454 1847 608 1875 rotarum
626 1843 786 1875 redarum
805 1853 866 1885 per
885 1847 1020 1885 tempus
1039 1842 1188 1885 compoti
1206 1842 1316 1886 xxviij
1337 1845 1362 1874 ἔ.
1404 1841 1454 1875 Et
1472 1842 1558 1886 ejus-

289 1923 365 1955 dem
383 1922 503 1955 famuli
518 1922 666 1955 walteri
684 1933 746 1965 pro
765 1923 971 1955 correctione
989 1923 1093 1955 unius
1107 1926 1180 1955 rote
1194 1926 1228 1955 et
1242 1920 1459 1965 impoficione
1473 1923 1556 1955 duo-

288 2013 364 2034 rum
378 1999 424 2034 lie
437 2000 565 2034 ‹u-treis
579 2003 638 2046 viij
656 2000 688 2034 d.
723 2001 771 2035 Et
787 2003 953 2035 allocatm·
967 2003 1077 2035 eidem
1094 2013 1155 2045 per
1172 2002 1412 2035 liberacionem
1429 2002 1556 2035 factam

285 2080 436 2114 Johanni
455 2082 557 2126 Rogy
581 2093 644 2125 pro
662 2083 822 2115 ductione
844 2088 993 2126 quatuor
1019 2094 1163 2116 onerum
1180 2081 1227 2115 lie
1237 2081 1382 2127 spaikis
1403 2087 1557 2115 rotarum
