<?xml version="1.0" encoding="UTF-8"?>
<!DOCTYPE html PUBLIC "-//W3C//DTD XHTML 1.0 Transitional//EN"
    "http://www.w3.org/TR/xhtml1/DTD/xhtml1-transitional.dtd">
<html xmlns="http://www.w3.org/1999/xhtml" xml:lang="en" lang="en">
 <head>
  <title>
</title>
<meta http-equiv="Content-Type" content="text/html;charset=utf-8" />
  <meta name='ocr-system' content='tesseract 3.04.00' />
  <meta name='ocr-capabilities' content='ocr_page ocr_carea ocr_par ocr_line ocrx_word'/>
</head>
<body>
  <div class='ocr_page' id='page_1' title='image "./vitaedunkeldensi00myln_0092.png"; bbox 0 0 1837 2698; ppageno 0'>
   <div class='ocr_carea' id='block_1_1' title="bbox 293 291 1398 329">
    <p class='ocr_par' dir='ltr' id='par_1_1' title="bbox 293 291 1398 329">
     <span class='ocr_line' id='line_1_1' title="bbox 293 291 1398 329; baseline -0.004 -3"><span class='ocrx_word' id='word_1_1' title='bbox 293 296 338 329; x_wconf 86' lang='lat'>70</span> <span class='ocrx_word' id='word_1_2' title='bbox 478 292 616 323; x_wconf 88' lang='lat' dir='ltr'><strong>VITAE</strong></span> <span class='ocrx_word' id='word_1_3' title='bbox 639 292 966 324; x_wconf 88' lang='lat' dir='ltr'>EPISCOPORUM</span> <span class='ocrx_word' id='word_1_4' title='bbox 990 291 1398 324; x_wconf 90' lang='lat' dir='ltr'><strong>DUNKELDENSIUM.</strong></span> 
     </span>
    </p>
   </div>
   <div class='ocr_carea' id='block_1_2' title="bbox 288 399 1567 1414">
    <p class='ocr_par' dir='ltr' id='par_1_2' title="bbox 288 399 1567 1414">
     <span class='ocr_line' id='line_1_2' title="bbox 293 399 1564 445; baseline 0 -11"><span class='ocrx_word' id='word_1_5' title='bbox 293 401 476 441; x_wconf 88' lang='lat' dir='ltr'>Muklere;</span> <span class='ocrx_word' id='word_1_6' title='bbox 503 403 558 434; x_wconf 90' lang='lat' dir='ltr'>vir</span> <span class='ocrx_word' id='word_1_7' title='bbox 581 402 747 445; x_wconf 87' lang='lat' dir='ltr'>placidus,</span> <span class='ocrx_word' id='word_1_8' title='bbox 767 403 803 435; x_wconf 90' lang='lat' dir='ltr'>in</span> <span class='ocrx_word' id='word_1_9' title='bbox 823 399 951 435; x_wconf 84' lang='lat' dir='ltr'>musica</span> <span class='ocrx_word' id='word_1_10' title='bbox 974 402 1129 445; x_wconf 85' lang='lat' dir='ltr'>apprime</span> <span class='ocrx_word' id='word_1_11' title='bbox 1151 402 1318 441; x_wconf 86' lang='lat' dir='ltr'>eruditus,</span> <span class='ocrx_word' id='word_1_12' title='bbox 1335 406 1409 434; x_wconf 86' lang='lat' dir='ltr'>tam</span> <span class='ocrx_word' id='word_1_13' title='bbox 1424 400 1564 434; x_wconf 85' lang='lat' dir='ltr'>scientia</span> 
     </span>
     <span class='ocr_line' id='line_1_3' title="bbox 291 480 1565 527; baseline -0.001 -12"><span class='ocrx_word' id='word_1_14' title='bbox 291 493 393 525; x_wconf 86' lang='lat' dir='ltr'>quam</span> <span class='ocrx_word' id='word_1_15' title='bbox 414 493 505 521; x_wconf 87' lang='lat' dir='ltr'>voce,</span> <span class='ocrx_word' id='word_1_16' title='bbox 526 484 561 515; x_wconf 89' lang='lat' dir='ltr'>in</span> <span class='ocrx_word' id='word_1_17' title='bbox 581 483 674 516; x_wconf 90' lang='lat' dir='ltr'>omni</span> <span class='ocrx_word' id='word_1_18' title='bbox 691 494 815 527; x_wconf 81' lang='lat' dir='ltr'>genere</span> <span class='ocrx_word' id='word_1_19' title='bbox 829 487 950 515; x_wconf 85' lang='lat' dir='ltr'>cantus</span> <span class='ocrx_word' id='word_1_20' title='bbox 965 480 1112 515; x_wconf 85' lang='lat' dir='ltr'>chorista</span> <span class='ocrx_word' id='word_1_21' title='bbox 1126 482 1256 520; x_wconf 86' lang='lat' dir='ltr'>firmus,</span> <span class='ocrx_word' id='word_1_22' title='bbox 1271 486 1305 515; x_wconf 90' lang='lat' dir='ltr'>et</span> <span class='ocrx_word' id='word_1_23' title='bbox 1322 482 1418 515; x_wconf 88' lang='lat' dir='ltr'>chori</span> <span class='ocrx_word' id='word_1_24' title='bbox 1436 483 1565 514; x_wconf 90' lang='lat' dir='ltr'>colum-</span> 
     </span>
     <span class='ocr_line' id='line_1_4' title="bbox 293 561 1564 607; baseline -0.001 -12"><span class='ocrx_word' id='word_1_25' title='bbox 293 574 337 595; x_wconf 90' lang='lat' dir='ltr'>na</span> <span class='ocrx_word' id='word_1_26' title='bbox 353 573 361 601; x_wconf 91' lang='grc'>;</span> <span class='ocrx_word' id='word_1_27' title='bbox 381 567 525 596; x_wconf 85' lang='lat' dir='ltr'>matrem</span> <span class='ocrx_word' id='word_1_28' title='bbox 545 563 693 597; x_wconf 86' lang='lat' dir='ltr'>honorat</span> <span class='ocrx_word' id='word_1_29' title='bbox 707 568 740 597; x_wconf 87' lang='lat' dir='ltr'>et</span> <span class='ocrx_word' id='word_1_30' title='bbox 751 563 845 596; x_wconf 88' lang='lat' dir='ltr'>fovet</span> <span class='ocrx_word' id='word_1_31' title='bbox 860 573 869 602; x_wconf 77' lang='grc' dir='ltr'><strong>ς</strong></span> <span class='ocrx_word' id='word_1_32' title='bbox 889 563 996 596; x_wconf 89' lang='lat' dir='ltr'>otium</span> <span class='ocrx_word' id='word_1_33' title='bbox 1011 561 1142 606; x_wconf 87' lang='lat' dir='ltr'><strong>semper</strong></span> <span class='ocrx_word' id='word_1_34' title='bbox 1155 562 1269 607; x_wconf 85' lang='lat' dir='ltr'>fugit;</span> <span class='ocrx_word' id='word_1_35' title='bbox 1288 562 1325 595; x_wconf 91' lang='lat' dir='ltr'>in</span> <span class='ocrx_word' id='word_1_36' title='bbox 1341 561 1564 606; x_wconf 87' lang='lat' dir='ltr'>suppellectili</span> 
     </span>
     <span class='ocr_line' id='line_1_5' title="bbox 289 641 1567 687; baseline 0 -12"><span class='ocrx_word' id='word_1_37' title='bbox 289 641 504 682; x_wconf 86' lang='lat' dir='ltr'>honestus,et</span> <span class='ocrx_word' id='word_1_38' title='bbox 516 643 697 677; x_wconf 91' lang='lat' dir='ltr'>hortorum</span> <span class='ocrx_word' id='word_1_39' title='bbox 709 645 830 677; x_wconf 90' lang='lat' dir='ltr'>cultor.</span> <span class='ocrx_word' id='word_1_40' title='bbox 848 643 1020 677; x_wconf 87' lang='lat' dir='ltr'>Dominus</span> <span class='ocrx_word' id='word_1_41' title='bbox 1026 643 1224 676; x_wconf 87' lang='lat' dir='ltr'>Alexander</span> <span class='ocrx_word' id='word_1_42' title='bbox 1236 642 1441 682; x_wconf 86' lang='lat' dir='ltr'>Fairefoule,</span> <span class='ocrx_word' id='word_1_43' title='bbox 1452 653 1567 687; x_wconf 88' lang='lat' dir='ltr'>gram—</span> 
     </span>
     <span class='ocr_line' id='line_1_6' title="bbox 290 722 1566 767; baseline 0 -11"><span class='ocrx_word' id='word_1_44' title='bbox 290 725 416 757; x_wconf 86' lang='lat' dir='ltr'>matica</span> <span class='ocrx_word' id='word_1_45' title='bbox 433 725 519 758; x_wconf 88' lang='lat' dir='ltr'>bene</span> <span class='ocrx_word' id='word_1_46' title='bbox 537 726 693 759; x_wconf 85' lang='lat' dir='ltr'>eruditus</span> <span class='ocrx_word' id='word_1_47' title='bbox 708 735 717 764; x_wconf 82' lang='lat'>3</span> <span class='ocrx_word' id='word_1_48' title='bbox 744 724 839 759; x_wconf 84' lang='lat' dir='ltr'>casus</span> <span class='ocrx_word' id='word_1_49' title='bbox 857 724 1079 758; x_wconf 87' lang='lat' dir='ltr'>conscientiae</span> <span class='ocrx_word' id='word_1_50' title='bbox 1096 722 1239 763; x_wconf 88' lang='lat' dir='ltr'>studuit,</span> <span class='ocrx_word' id='word_1_51' title='bbox 1257 724 1334 757; x_wconf 89' lang='lat' dir='ltr'>ideo</span> <span class='ocrx_word' id='word_1_52' title='bbox 1353 724 1485 767; x_wconf 89' lang='lat' dir='ltr'>ydoneo</span> <span class='ocrx_word' id='word_1_53' title='bbox 1502 734 1566 767; x_wconf 92' lang='lat' dir='ltr'>pro</span> 
     </span>
     <span class='ocr_line' id='line_1_7' title="bbox 290 804 1565 846; baseline -0.002 -8"><span class='ocrx_word' id='word_1_54' title='bbox 290 804 472 839; x_wconf 75' lang='lat' dir='ltr'>confessore</span> <span class='ocrx_word' id='word_1_55' title='bbox 484 806 633 839; x_wconf 85' lang='lat' dir='ltr'>habetur</span> <span class='ocrx_word' id='word_1_56' title='bbox 647 816 656 846; x_wconf 91' lang='lat'>;</span> <span class='ocrx_word' id='word_1_57' title='bbox 676 807 831 839; x_wconf 88' lang='lat' dir='ltr'>notarius</span> <span class='ocrx_word' id='word_1_58' title='bbox 846 805 954 838; x_wconf 88' lang='lat' dir='ltr'>fidelis</span> <span class='ocrx_word' id='word_1_59' title='bbox 969 810 1002 838; x_wconf 95' lang='lat' dir='ltr'>et</span> <span class='ocrx_word' id='word_1_60' title='bbox 1013 805 1133 838; x_wconf 88' lang='lat' dir='ltr'>firmus</span> <span class='ocrx_word' id='word_1_61' title='bbox 1148 814 1156 843; x_wconf 82' lang='lat'>;</span> <span class='ocrx_word' id='word_1_62' title='bbox 1184 804 1397 837; x_wconf 82' lang='lat' dir='ltr'>domicilium</span> <span class='ocrx_word' id='word_1_63' title='bbox 1411 814 1454 837; x_wconf 83' lang='lat' dir='ltr'>ex</span> <span class='ocrx_word' id='word_1_64' title='bbox 1467 804 1565 837; x_wconf 86' lang='lat' dir='ltr'>bonis</span> 
     </span>
     <span class='ocr_line' id='line_1_8' title="bbox 290 883 1565 930; baseline -0.001 -12"><span class='ocrx_word' id='word_1_65' title='bbox 290 886 558 929; x_wconf 84' lang='lat' dir='ltr'>capellaniarum</span> <span class='ocrx_word' id='word_1_66' title='bbox 576 887 617 919; x_wconf 85' lang='lat' dir='ltr'>(le</span> <span class='ocrx_word' id='word_1_67' title='bbox 636 885 846 930; x_wconf 80' lang='lat' dir='ltr'>Abbernyde</span> <span class='ocrx_word' id='word_1_68' title='bbox 864 886 968 919; x_wconf 85' lang='lat' dir='ltr'>fovet.</span> <span class='ocrx_word' id='word_1_69' title='bbox 1003 885 1175 918; x_wconf 83' lang='lat' dir='ltr'>Dominus</span> <span class='ocrx_word' id='word_1_70' title='bbox 1193 884 1215 917; x_wconf 89' lang='lat' dir='ltr'>J</span> <span class='ocrx_word' id='word_1_71' title='bbox 1218 885 1371 918; x_wconf 83' lang='lat' dir='ltr'>ohannes</span> <span class='ocrx_word' id='word_1_72' title='bbox 1390 883 1565 928; x_wconf 86' lang='lat' dir='ltr'>Martyne,</span> 
     </span>
     <span class='ocr_line' id='line_1_9' title="bbox 288 964 1565 1011; baseline -0.002 -12"><span class='ocrx_word' id='word_1_73' title='bbox 288 971 400 1000; x_wconf 87' lang='lat' dir='ltr'>rector</span> <span class='ocrx_word' id='word_1_74' title='bbox 417 968 458 999; x_wconf 89' lang='lat' dir='ltr'>de</span> <span class='ocrx_word' id='word_1_75' title='bbox 476 966 588 1011; x_wconf 87' lang='lat' dir='ltr'>Loyd,</span> <span class='ocrx_word' id='word_1_76' title='bbox 606 966 782 1000; x_wconf 87' lang='lat' dir='ltr'>Johannes</span> <span class='ocrx_word' id='word_1_77' title='bbox 808 965 917 999; x_wconf 88' lang='lat' dir='ltr'>Lessie</span> <span class='ocrx_word' id='word_1_78' title='bbox 938 967 1133 1009; x_wconf 84' lang='lat' dir='ltr'>capellanus</span> <span class='ocrx_word' id='word_1_79' title='bbox 1158 965 1324 998; x_wconf 87' lang='lat' dir='ltr'>Omnium</span> <span class='ocrx_word' id='word_1_80' title='bbox 1349 964 1565 1005; x_wconf 82' lang='lat' dir='ltr'>Sanctorum,</span> 
     </span>
     <span class='ocr_line' id='line_1_10' title="bbox 289 1043 1564 1091; baseline -0.002 -11"><span class='ocrx_word' id='word_1_81' title='bbox 289 1053 322 1081; x_wconf 83' lang='lat' dir='ltr'>et</span> <span class='ocrx_word' id='word_1_82' title='bbox 341 1047 551 1081; x_wconf 59' lang='lat' dir='ltr'>lVillielmus</span> <span class='ocrx_word' id='word_1_83' title='bbox 570 1047 716 1080; x_wconf 86' lang='lat' dir='ltr'>Scherar</span> <span class='ocrx_word' id='word_1_84' title='bbox 733 1048 941 1091; x_wconf 83' lang='lat' dir='ltr'>capellanus,</span> <span class='ocrx_word' id='word_1_85' title='bbox 959 1045 1151 1090; x_wconf 80' lang='lat' dir='ltr'>presbiteri,</span> <span class='ocrx_word' id='word_1_86' title='bbox 1170 1047 1210 1079; x_wconf 93' lang='lat' dir='ltr'>de</span> <span class='ocrx_word' id='word_1_87' title='bbox 1229 1043 1464 1079; x_wconf 89' lang='lat' dir='ltr'>Dunkeldenfi</span> <span class='ocrx_word' id='word_1_88' title='bbox 1481 1046 1564 1078; x_wconf 86' lang='lat' dir='ltr'>civi-</span> 
     </span>
     <span class='ocr_line' id='line_1_11' title="bbox 289 1126 1562 1172; baseline -0.002 -11"><span class='ocrx_word' id='word_1_89' title='bbox 289 1133 358 1162; x_wconf 87' lang='lat' dir='ltr'>tate</span> <span class='ocrx_word' id='word_1_90' title='bbox 377 1129 527 1167; x_wconf 83' lang='lat' dir='ltr'>oriundi,</span> <span class='ocrx_word' id='word_1_91' title='bbox 545 1126 706 1161; x_wconf 79' lang='lat' dir='ltr'>musicam</span> <span class='ocrx_word' id='word_1_92' title='bbox 727 1129 883 1172; x_wconf 84' lang='lat' dir='ltr'>apprime</span> <span class='ocrx_word' id='word_1_93' title='bbox 897 1129 999 1166; x_wconf 83' lang='lat' dir='ltr'>docti,</span> <span class='ocrx_word' id='word_1_94' title='bbox 1011 1132 1044 1160; x_wconf 90' lang='lat' dir='ltr'>et</span> <span class='ocrx_word' id='word_1_95' title='bbox 1058 1139 1078 1160; x_wconf 83' lang='lat' dir='ltr'>a</span> <span class='ocrx_word' id='word_1_96' title='bbox 1087 1127 1275 1172; x_wconf 90' lang='lat' dir='ltr'>juventute</span> <span class='ocrx_word' id='word_1_97' title='bbox 1287 1127 1330 1159; x_wconf 87' lang='lat' dir='ltr'>ad</span> <span class='ocrx_word' id='word_1_98' title='bbox 1343 1126 1562 1159; x_wconf 87' lang='lat' dir='ltr'>officiandum</span> 
     </span>
     <span class='ocr_line' id='line_1_12' title="bbox 288 1205 1564 1253; baseline -0.002 -11"><span class='ocrx_word' id='word_1_99' title='bbox 288 1210 546 1253; x_wconf 74' lang='lat' dir='ltr'>regendumque</span> <span class='ocrx_word' id='word_1_100' title='bbox 557 1209 701 1242; x_wconf 89' lang='lat' dir='ltr'>chorum</span> <span class='ocrx_word' id='word_1_101' title='bbox 713 1209 896 1241; x_wconf 87' lang='lat' dir='ltr'>habituati.</span> <span class='ocrx_word' id='word_1_102' title='bbox 916 1208 1086 1241; x_wconf 89' lang='lat' dir='ltr'>Dominus</span> <span class='ocrx_word' id='word_1_103' title='bbox 1098 1207 1256 1240; x_wconf 87' lang='lat' dir='ltr'>Finlaius</span> <span class='ocrx_word' id='word_1_104' title='bbox 1262 1206 1444 1250; x_wconf 89' lang='lat' dir='ltr'>Symsoun,</span> <span class='ocrx_word' id='word_1_105' title='bbox 1456 1205 1564 1240; x_wconf 89' lang='lat' dir='ltr'>scriba</span> 
     </span>
     <span class='ocr_line' id='line_1_13' title="bbox 288 1285 1563 1332; baseline -0.002 -10"><span class='ocrx_word' id='word_1_106' title='bbox 288 1291 401 1323; x_wconf 86' lang='lat' dir='ltr'>curiae</span> <span class='ocrx_word' id='word_1_107' title='bbox 415 1287 666 1327; x_wconf 88' lang='lat' dir='ltr'>consistorialis,</span> <span class='ocrx_word' id='word_1_108' title='bbox 681 1287 825 1332; x_wconf 87' lang='lat' dir='ltr'>scriptor</span> <span class='ocrx_word' id='word_1_109' title='bbox 838 1289 948 1322; x_wconf 88' lang='lat' dir='ltr'>bonus</span> <span class='ocrx_word' id='word_1_110' title='bbox 962 1289 1158 1327; x_wconf 86' lang='lat' dir='ltr'>dictamine,</span> <span class='ocrx_word' id='word_1_111' title='bbox 1170 1292 1203 1321; x_wconf 89' lang='lat' dir='ltr'>et</span> <span class='ocrx_word' id='word_1_112' title='bbox 1217 1288 1326 1320; x_wconf 87' lang='lat' dir='ltr'>officio</span> <span class='ocrx_word' id='word_1_113' title='bbox 1342 1285 1563 1326; x_wconf 72' lang='lat' dir='ltr'>fidelissimus,</span> 
     </span>
     <span class='ocr_line' id='line_1_14' title="bbox 289 1368 1562 1414; baseline -0.002 -11"><span class='ocrx_word' id='word_1_114' title='bbox 289 1371 348 1413; x_wconf 87' lang='lat' dir='ltr'>qui</span> <span class='ocrx_word' id='word_1_115' title='bbox 367 1382 428 1403; x_wconf 87' lang='lat' dir='ltr'>nec</span> <span class='ocrx_word' id='word_1_116' title='bbox 446 1382 555 1414; x_wconf 83' lang='lat' dir='ltr'>prece,</span> <span class='ocrx_word' id='word_1_117' title='bbox 567 1370 689 1414; x_wconf 82' lang='lat' dir='ltr'>pretio,</span> <span class='ocrx_word' id='word_1_118' title='bbox 704 1370 794 1409; x_wconf 85' lang='lat' dir='ltr'>odio,</span> <span class='ocrx_word' id='word_1_119' title='bbox 809 1371 865 1403; x_wconf 85' lang='lat' dir='ltr'>vel</span> <span class='ocrx_word' id='word_1_120' title='bbox 879 1380 1005 1409; x_wconf 86' lang='lat' dir='ltr'>amore,</span> <span class='ocrx_word' id='word_1_121' title='bbox 1020 1380 1040 1402; x_wconf 84' lang='lat' dir='ltr'>a</span> <span class='ocrx_word' id='word_1_122' title='bbox 1053 1373 1146 1402; x_wconf 86' lang='lat' dir='ltr'>recto</span> <span class='ocrx_word' id='word_1_123' title='bbox 1159 1369 1196 1402; x_wconf 88' lang='lat' dir='ltr'>in</span> <span class='ocrx_word' id='word_1_124' title='bbox 1208 1368 1318 1402; x_wconf 92' lang='lat' dir='ltr'>officio</span> <span class='ocrx_word' id='word_1_125' title='bbox 1331 1369 1471 1401; x_wconf 84' lang='lat' dir='ltr'>tramite</span> <span class='ocrx_word' id='word_1_126' title='bbox 1484 1369 1562 1401; x_wconf 91' lang='lat' dir='ltr'>duci</span> 
     </span>
    </p>
   </div>
   <div class='ocr_carea' id='block_1_3' title="bbox 287 1447 1545 1494">
    <p class='ocr_par' dir='ltr' id='par_1_3' title="bbox 287 1447 1545 1494">
     <span class='ocr_line' id='line_1_15' title="bbox 287 1447 1545 1494; baseline -0.002 -10"><span class='ocrx_word' id='word_1_127' title='bbox 287 1456 423 1494; x_wconf 80' lang='lat' dir='ltr'>poterat</span> <span class='ocrx_word' id='word_1_128' title='bbox 439 1462 447 1491; x_wconf 81' lang='lat'>3</span> <span class='ocrx_word' id='word_1_129' title='bbox 467 1453 602 1484; x_wconf 87' lang='lat' dir='ltr'>lucrum</span> <span class='ocrx_word' id='word_1_130' title='bbox 620 1461 690 1484; x_wconf 91' lang='lat' dir='ltr'>non</span> <span class='ocrx_word' id='word_1_131' title='bbox 709 1461 845 1490; x_wconf 83' lang='lat' dir='ltr'>curans,</span> <span class='ocrx_word' id='word_1_132' title='bbox 863 1451 1005 1484; x_wconf 90' lang='lat' dir='ltr'>modum</span> <span class='ocrx_word' id='word_1_133' title='bbox 1024 1447 1179 1483; x_wconf 87' lang='lat' dir='ltr'>strictum</span> <span class='ocrx_word' id='word_1_134' title='bbox 1199 1448 1405 1492; x_wconf 89' lang='lat' dir='ltr'>obsequendi</span> <span class='ocrx_word' id='word_1_135' title='bbox 1423 1448 1545 1482; x_wconf 87' lang='lat' dir='ltr'>servat.</span> 
     </span>
    </p>
   </div>
   <div class='ocr_carea' id='block_1_4' title="bbox 287 1608 1562 2061">
    <p class='ocr_par' dir='ltr' id='par_1_4' title="bbox 287 1608 1562 2061">
     <span class='ocr_line' id='line_1_16' title="bbox 336 1608 1562 1656; baseline -0.002 -12"><span class='ocrx_word' id='word_1_136' title='bbox 336 1611 471 1645; x_wconf 87' lang='lat' dir='ltr'>NUNC</span> <span class='ocrx_word' id='word_1_137' title='bbox 490 1622 509 1644; x_wconf 90' lang='lat' dir='ltr'>a</span> <span class='ocrx_word' id='word_1_138' title='bbox 527 1608 730 1656; x_wconf 72' lang='lat' dir='ltr'>digressione</span> <span class='ocrx_word' id='word_1_139' title='bbox 748 1612 792 1644; x_wconf 89' lang='lat' dir='ltr'>ad</span> <span class='ocrx_word' id='word_1_140' title='bbox 808 1622 880 1644; x_wconf 88' lang='lat' dir='ltr'>rem</span> <span class='ocrx_word' id='word_1_141' title='bbox 899 1616 1067 1644; x_wconf 82' lang='lat' dir='ltr'>revertor.</span> <span class='ocrx_word' id='word_1_142' title='bbox 1106 1610 1262 1655; x_wconf 87' lang='lat' dir='ltr'>Georgeo</span> <span class='ocrx_word' id='word_1_143' title='bbox 1279 1609 1434 1654; x_wconf 87' lang='lat' dir='ltr'>episcopo</span> <span class='ocrx_word' id='word_1_144' title='bbox 1451 1610 1487 1642; x_wconf 91' lang='lat' dir='ltr'>in</span> <span class='ocrx_word' id='word_1_145' title='bbox 1505 1621 1562 1642; x_wconf 84' lang='lat' dir='ltr'>ex-</span> 
     </span>
     <span class='ocr_line' id='line_1_17' title="bbox 288 1690 1561 1737; baseline -0.002 -12"><span class='ocrx_word' id='word_1_146' title='bbox 288 1693 405 1726; x_wconf 82' lang='lat' dir='ltr'>tremis</span> <span class='ocrx_word' id='word_1_147' title='bbox 424 1697 557 1737; x_wconf 85' lang='lat' dir='ltr'>agente,</span> <span class='ocrx_word' id='word_1_148' title='bbox 575 1693 617 1725; x_wconf 90' lang='lat' dir='ltr'>de</span> <span class='ocrx_word' id='word_1_149' title='bbox 635 1692 709 1736; x_wconf 89' lang='lat' dir='ltr'>ejus</span> <span class='ocrx_word' id='word_1_150' title='bbox 733 1696 844 1725; x_wconf 91' lang='lat' dir='ltr'>morte</span> <span class='ocrx_word' id='word_1_151' title='bbox 862 1692 955 1734; x_wconf 90' lang='lat' dir='ltr'>apud</span> <span class='ocrx_word' id='word_1_152' title='bbox 973 1690 1082 1724; x_wconf 87' lang='lat' dir='ltr'>sedem</span> <span class='ocrx_word' id='word_1_153' title='bbox 1101 1691 1194 1723; x_wconf 84' lang='lat' dir='ltr'>fama</span> <span class='ocrx_word' id='word_1_154' title='bbox 1210 1691 1289 1730; x_wconf 85' lang='lat' dir='ltr'>fuit,</span> <span class='ocrx_word' id='word_1_155' title='bbox 1307 1690 1367 1723; x_wconf 90' lang='lat' dir='ltr'>ubi</span> <span class='ocrx_word' id='word_1_156' title='bbox 1390 1701 1453 1734; x_wconf 86' lang='lat' dir='ltr'>pro</span> <span class='ocrx_word' id='word_1_157' title='bbox 1478 1695 1561 1724; x_wconf 86' lang='lat' dir='ltr'>tunc</span> 
     </span>
     <span class='ocr_line' id='line_1_18' title="bbox 287 1770 1561 1815; baseline -0.002 -10"><span class='ocrx_word' id='word_1_158' title='bbox 287 1773 309 1805; x_wconf 85' lang='lat' dir='ltr'>J</span> <span class='ocrx_word' id='word_1_159' title='bbox 311 1773 463 1806; x_wconf 89' lang='lat' dir='ltr'>ohannes</span> <span class='ocrx_word' id='word_1_160' title='bbox 482 1772 604 1806; x_wconf 90' lang='lat' dir='ltr'>Comes</span> <span class='ocrx_word' id='word_1_161' title='bbox 622 1772 797 1811; x_wconf 83' lang='lat' dir='ltr'>Atholiae,</span> <span class='ocrx_word' id='word_1_162' title='bbox 811 1772 901 1805; x_wconf 89' lang='lat' dir='ltr'>filius</span> <span class='ocrx_word' id='word_1_163' title='bbox 919 1771 941 1804; x_wconf 90' lang='lat' dir='ltr'><strong>J</strong></span> <span class='ocrx_word' id='word_1_164' title='bbox 944 1772 1089 1804; x_wconf 80' lang='lat' dir='ltr'>ohannis</span> <span class='ocrx_word' id='word_1_165' title='bbox 1103 1771 1248 1804; x_wconf 87' lang='lat' dir='ltr'>Comitis</span> <span class='ocrx_word' id='word_1_166' title='bbox 1262 1770 1380 1804; x_wconf 88' lang='lat' dir='ltr'>fratris</span> <span class='ocrx_word' id='word_1_167' title='bbox 1393 1771 1484 1815; x_wconf 86' lang='lat' dir='ltr'>regis</span> <span class='ocrx_word' id='word_1_168' title='bbox 1501 1770 1524 1803; x_wconf 84' lang='lat' dir='ltr'>J</span> <span class='ocrx_word' id='word_1_169' title='bbox 1526 1782 1561 1804; x_wconf 80' lang='lat' dir='ltr'>a·</span> 
     </span>
     <span class='ocr_line' id='line_1_19' title="bbox 289 1851 1558 1897; baseline -0.001 -11"><span class='ocrx_word' id='word_1_170' title='bbox 289 1853 363 1886; x_wconf 90' lang='lat' dir='ltr'>cobi</span> <span class='ocrx_word' id='word_1_171' title='bbox 375 1853 523 1886; x_wconf 85' lang='lat' dir='ltr'>Secundi</span> <span class='ocrx_word' id='word_1_172' title='bbox 536 1852 692 1893; x_wconf 87' lang='lat' dir='ltr'>illustris,</span> <span class='ocrx_word' id='word_1_173' title='bbox 703 1854 837 1897; x_wconf 74' lang='lat' dir='ltr'>patriae</span> <span class='ocrx_word' id='word_1_174' title='bbox 849 1858 1017 1897; x_wconf 88' lang='lat' dir='ltr'>tanquam</span> <span class='ocrx_word' id='word_1_175' title='bbox 1029 1851 1301 1896; x_wconf 85' lang='lat' dir='ltr'>pater,praesens</span> <span class='ocrx_word' id='word_1_176' title='bbox 1312 1857 1386 1885; x_wconf 86' lang='lat' dir='ltr'>erat</span> <span class='ocrx_word' id='word_1_177' title='bbox 1400 1862 1409 1892; x_wconf 77' lang='grc' dir='ltr'><strong>ς</strong></span> <span class='ocrx_word' id='word_1_178' title='bbox 1429 1853 1558 1886; x_wconf 87' lang='lat' dir='ltr'>vocatis</span> 
     </span>
     <span class='ocr_line' id='line_1_20' title="bbox 288 1933 1557 1980; baseline -0.001 -11"><span class='ocrx_word' id='word_1_179' title='bbox 288 1933 442 1969; x_wconf 75' lang='lat' dir='ltr'>ecclesiae</span> <span class='ocrx_word' id='word_1_180' title='bbox 461 1936 643 1975; x_wconf 85' lang='lat' dir='ltr'>canonicis,</span> <span class='ocrx_word' id='word_1_181' title='bbox 661 1936 762 1980; x_wconf 87' lang='lat' dir='ltr'>petiit</span> <span class='ocrx_word' id='word_1_182' title='bbox 779 1935 981 1980; x_wconf 84' lang='lat' dir='ltr'>episcopalia</span> <span class='ocrx_word' id='word_1_183' title='bbox 999 1936 1120 1979; x_wconf 86' lang='lat' dir='ltr'>palatii</span> <span class='ocrx_word' id='word_1_184' title='bbox 1138 1933 1198 1969; x_wconf 89' lang='lat' dir='ltr'>fibi</span> <span class='ocrx_word' id='word_1_185' title='bbox 1212 1935 1299 1975; x_wconf 88' lang='lat' dir='ltr'>dari,</span> <span class='ocrx_word' id='word_1_186' title='bbox 1317 1940 1350 1968; x_wconf 88' lang='lat' dir='ltr'>et</span> <span class='ocrx_word' id='word_1_187' title='bbox 1369 1934 1557 1973; x_wconf 85' lang='lat' dir='ltr'>Andream,</span> 
     </span>
     <span class='ocr_line' id='line_1_21' title="bbox 288 2014 1555 2061; baseline 0 -13"><span class='ocrx_word' id='word_1_188' title='bbox 288 2027 503 2060; x_wconf 86' lang='lat' dir='ltr'>germanum,</span> <span class='ocrx_word' id='word_1_189' title='bbox 513 2016 799 2060; x_wconf 85' lang='lat' dir='ltr'>praebendarium</span> <span class='ocrx_word' id='word_1_190' title='bbox 810 2017 851 2049; x_wconf 93' lang='lat' dir='ltr'>de</span> <span class='ocrx_word' id='word_1_191' title='bbox 865 2016 987 2061; x_wconf 88' lang='lat' dir='ltr'>Crage,</span> <span class='ocrx_word' id='word_1_192' title='bbox 1001 2017 1037 2049; x_wconf 92' lang='lat' dir='ltr'>in</span> <span class='ocrx_word' id='word_1_193' title='bbox 1048 2015 1242 2060; x_wconf 85' lang='lat' dir='ltr'>episcopum</span> <span class='ocrx_word' id='word_1_194' title='bbox 1254 2016 1350 2061; x_wconf 81' lang='lat' dir='ltr'>eligi3</span> <span class='ocrx_word' id='word_1_195' title='bbox 1369 2014 1469 2059; x_wconf 89' lang='lat' dir='ltr'>super</span> <span class='ocrx_word' id='word_1_196' title='bbox 1479 2017 1555 2059; x_wconf 88' lang='lat' dir='ltr'>qui·</span> 
     </span>
    </p>
   </div>
   <div class='ocr_carea' id='block_1_5' title="bbox 291 2094 1557 2142">
    <p class='ocr_par' dir='ltr' id='par_1_5' title="bbox 291 2094 1557 2142">
     <span class='ocr_line' id='line_1_22' title="bbox 291 2094 1557 2142; baseline 0 -13"><span class='ocrx_word' id='word_1_197' title='bbox 291 2097 352 2129; x_wconf 86' lang='lat' dir='ltr'>bus</span> <span class='ocrx_word' id='word_1_198' title='bbox 370 2094 440 2130; x_wconf 88' lang='lat' dir='ltr'>fine</span> <span class='ocrx_word' id='word_1_199' title='bbox 462 2108 557 2130; x_wconf 89' lang='lat' dir='ltr'>mora</span> <span class='ocrx_word' id='word_1_200' title='bbox 575 2096 730 2136; x_wconf 88' lang='lat' dir='ltr'>consulti,</span> <span class='ocrx_word' id='word_1_201' title='bbox 748 2098 887 2141; x_wconf 89' lang='lat' dir='ltr'>quidam</span> <span class='ocrx_word' id='word_1_202' title='bbox 911 2097 1019 2131; x_wconf 88' lang='lat' dir='ltr'>eidem</span> <span class='ocrx_word' id='word_1_203' title='bbox 1038 2096 1203 2142; x_wconf 86' lang='lat' dir='ltr'>sanguine</span> <span class='ocrx_word' id='word_1_204' title='bbox 1222 2097 1348 2142; x_wconf 83' lang='lat' dir='ltr'>juncti,</span> <span class='ocrx_word' id='word_1_205' title='bbox 1366 2101 1400 2130; x_wconf 90' lang='lat' dir='ltr'>et</span> <span class='ocrx_word' id='word_1_206' title='bbox 1417 2096 1557 2140; x_wconf 88' lang='lat' dir='ltr'>quidam</span> 
     </span>
    </p>
   </div>
  </div>
 </body>
</html>
