1837 2698
612 315 777 349 PONTIS
800 314 1160 347 DUNKELDENSIS.
1486 318 1529 352 99

246 427 416 472 quaginta
428 429 504 460 octo
517 427 645 471 pedum
657 426 852 461 mensuram
864 430 898 460 et
911 426 1061 470 capienti
1073 436 1137 470 pro
1154 423 1309 469 qualibet
1322 423 1420 467 pedis
1433 433 1528 456 men-

247 507 325 542 sura
350 513 502 552 quatuor
526 509 685 543 denarios
704 510 884 542 extenden.
908 509 945 542 in
970 507 1117 552 pecunia
1142 507 1186 540 ad
1211 506 1248 551 lij
1269 508 1293 540 ἔ.
1312 505 1372 550 viij
1393 503 1425 538 d.
1478 503 1527 536 Et

247 591 414 624 allocatur
425 591 535 624 eidem
549 602 611 634 per
623 591 867 643 liberacionem
880 589 1007 623 factam
1021 589 1044 621 J
1046 588 1175 622 ohanni
1190 588 1322 621 Brown
1332 587 1368 620 in
1378 586 1528 620 Dounde

246 671 400 705 lathomo
424 670 593 716 Magistro
616 671 852 705 lathomorum
881 671 995 715 operis
1017 670 1134 714 pontis
1156 668 1286 713 capien.
1313 679 1375 712 per
1396 678 1527 701 annum

247 752 428 786 duodecim
454 763 584 785 mercas
603 763 624 785 a
649 752 763 796 primo
780 751 916 795 Aprilis
943 751 1025 784 anni
1044 755 1102 783 ‘tc‘
1121 751 1156 782 vc
1173 746 1243 794 xjmi
1261 750 1298 782 in
1315 749 1407 782 diem
1425 759 1529 792 quar-

248 837 323 866 tum
349 832 562 876 Septembris
580 833 663 866 anni
681 837 739 865 *tc*
758 833 792 865 vc
810 832 871 876 xiij
895 842 938 865 ex
962 842 1001 864 eo
1025 831 1117 874 quod
1141 841 1228 874 opus
1250 840 1377 875 parum
1402 830 1440 862 in
1462 829 1528 862 hoc

247 918 402 956 tempore
419 912 612 956 perfectum
630 911 679 946 est
697 923 720 946 x
737 913 772 946 li.
803 912 854 945 Et
871 913 982 945 eidem
999 910 1023 944 J
1025 911 1156 945 ohanni
1174 911 1328 945 venienti
1346 911 1388 944 de
1400 910 1528 944 Dunde

247 994 290 1027 ad
308 993 540 1027 Dounkelden
557 993 695 1027 absente
719 994 872 1027 Domino
890 997 925 1027 et
942 994 1097 1027 rediunti
1114 994 1151 1027 in
1169 992 1351 1027 esculentis
1369 998 1403 1026 et
1424 1004 1530 1037 pocu—

246 1075 351 1108 lentis‘
366 1085 438 1107 una
455 1074 529 1108 vice
546 1086 569 1108 x
587 1077 612 1108 ἔ.
664 1074 715 1108 Et
738 1075 906 1108 allocatur
923 1074 1034 1108 eidem
1057 1086 1118 1118 per
1135 1074 1379 1108 liberacionem
1400 1073 1529 1108 factam

246 1155 400 1189 Johanni
433 1155 565 1189 Cowtis
595 1156 751 1189 lathomo
781 1168 802 1189 a
828 1156 942 1200 primo
971 1135 1243 1189 Januarii'anni
1270 1161 1328 1189 *tc*
1347 1158 1382 1189 vc
1398 1152 1467 1201 xjmj
1493 1156 1530 1188 in

248 1237 396 1270 eundem
414 1237 505 1270 diem
522 1248 612 1270 anno
630 1237 789 1270 revoluto
807 1237 938 1280 capien.
958 1247 1022 1280 pro
1043 1237 1108 1270 hoc
1126 1248 1218 1270 anno
1236 1236 1425 1270 octodecim
1442 1247 1532 1269 mer-

248 1328 314 1351 cas.
365 1317 415 1351 Et
432 1329 453 1351 a
470 1319 585 1362 primo
602 1318 625 1351 J
627 1319 764 1352 anuarii
782 1319 864 1352 anni
883 1323 941 1352 ‘3:0⁴
960 1320 994 1352 vC
1011 1316 1092 1364 xijmj
1110 1319 1148 1352 in
1165 1319 1313 1352 eundem
1330 1319 1423 1352 diem
1441 1330 1532 1352 anno

247 1399 406 1431 revoluto
424 1399 555 1442 capien.
573 1399 610 1432 in
634 1399 700 1432 hoc
721 1410 813 1433 anno
838 1403 981 1443 propter
1006 1400 1175 1444 majorem
1201 1398 1376 1433 caristiam
1402 1400 1529 1445 viginti

248 1489 379 1513 mercas
396 1480 579 1513 extenden.
593 1480 630 1512 in
647 1480 748 1513 totali
766 1479 900 1514 summa
917 1481 962 1514 ad
978 1492 1051 1515 xxv
1064 1482 1099 1514 li.
1119 1482 1153 1526 vj
1174 1484 1198 1514 ἔ.
1217 1481 1278 1526 viij
1298 1478 1331 1514 d.
1383 1480 1434 1514 Et
1450 1481 1534 1514 allo-

248 1564 347 1593 catur
376 1560 487 1593 eidem
516 1571 578 1604 per
607 1560 852 1594 liberacionem
879 1561 1008 1595 factam
1042 1561 1065 1595 J
1067 1562 1174 1596 acobo
1205 1561 1348 1596 Masone
1378 1562 1533 1595 lathomo

248 1641 416 1674 conducto
441 1652 503 1685 per
520 1652 652 1675 annum
670 1642 847 1687 integrum
869 1654 933 1686 pro
952 1643 1078 1688 viginti
1097 1643 1209 1677 tribus
1226 1644 1351 1677 mercis
1368 1654 1389 1677 a
1409 1644 1533 1688 quinto

249 1721 303 1754 dje
320 1718 445 1754 menfis
464 1721 550 1766 Maij
572 1723 654 1756 anni
673 1727 731 1756 ”tc0
752 1724 786 1755 vc
803 1720 870 1768 xj¹¹¹j
889 1724 926 1757 in
943 1724 1092 1757 eundem
1115 1725 1208 1758 diem
1231 1723 1383 1770 ejusdem
1408 1721 1534 1757 menfis

250 1801 332 1833 anni
351 1805 409 1834 ‘te
428 1802 462 1834 vc
479 1799 573 1845 xiijmi
592 1800 682 1835 mx)
700 1803 736 1836 li.
754 1803 816 1847 xiij
836 1805 861 1836 ἕ.
879 1782 929 1848 iiij
949 1801 982 1836 d.
1019 1803 1069 1837 Et
1086 1808 1214 1838 extunc
1231 1804 1268 1838 in
1286 1805 1378 1837 diem
1394 1804 1535 1837 undeci-

248 1891 346 1914 mum
364 1879 488 1914 mensis
506 1881 717 1916 Novembris
738 1882 890 1928 ejusdem
910 1884 992 1917 anni
1010 1885 1047 1917 ix
1065 1885 1099 1917 li.
1119 1885 1152 1930 vj
1173 1887 1198 1917 ἔ.
1218 1885 1278 1930 viij
1297 1883 1331 1918 d.
1384 1884 1433 1919 Et
1451 1886 1534 1918 allo-

249 1966 348 1994 catur
369 1962 480 1995 eidem
505 1973 568 2006 per
592 1962 834 1997 liberacionem
861 1963 989 1997 factam
1006 1963 1210 1999 Alexandro
1235 1965 1384 2010 Murray
1402 1971 1436 2000 et
1458 1966 1534 2011 ejus

248 2041 345 2075 servo
363 2043 533 2076 conducto
550 2043 808 2089 imperpetuum
827 2045 872 2078 ad
889 2056 975 2089 opus
1001 2046 1118 2089 pontis
1136 2046 1266 2090 capien.
1293 2058 1356 2091 pro
1380 2045 1534 2091 utrisque

249 2122 483 2168 quadraginta
499 2134 631 2158 mercas
646 2125 828 2159 annuatim
846 2129 881 2159 et
894 2126 974 2159 inde
988 2136 1050 2169 per
1062 2126 1293 2171 grauiterium
1308 2105 1408 2172 xxiiij
1423 2126 1531 2161 bollas
