1837 2698
272 277 339 308 122
540 273 800 306 COMPOTUM
822 274 1047 306 MAGISTRI
1069 274 1265 306 FABRICE

271 383 426 426 lapidum
444 384 696 427 quadratorum
722 384 978 416 continencium
995 382 1236 427 septemdecim
1258 385 1387 428 pedum
1413 383 1547 417 mensu-

272 474 345 496 ram
365 467 399 496 et
416 464 563 506 capienti
589 475 652 506 pro
670 461 851 507 cujussibet
869 464 965 507 pedis
987 463 1147 497 mensura
1163 468 1233 497 tres
1251 465 1410 497 denarios
1428 469 1546 498 exten-

273 543 348 575 den.
373 543 409 575 in
436 543 581 585 pecunia
612 543 654 575 ad
682 522 732 587 1113
753 546 777 575 Ξ.
795 544 832 587 iij
852 541 885 576 d.
936 542 986 576 Et
1012 544 1179 577 allocatur
1203 544 1313 576 eidem
1339 555 1401 588 per
1423 545 1547 577 libera-

274 623 404 656 cionem
416 622 542 655 factam
557 622 691 666 prefato
705 622 896 656 Winielmo
909 624 946 656 in
964 624 1155 656 mercedem
1169 623 1220 656 sui
1234 624 1362 657 laboris
1377 625 1546 657 conducto

274 703 315 735 ad
342 703 471 735 dictum
500 713 585 745 opus
611 701 758 736 secundo
784 704 838 736 die
865 701 989 736 mensis
1015 702 1149 746 Aprilis
1175 714 1266 736 anno
1289 709 1345 736 ‘tc‘
1364 705 1398 736 vC
1415 705 1547 737 decimo

271 784 394 826 quinto
419 795 482 826 pro
508 784 658 816 dimedio
682 784 763 817 anni
787 785 936 828 capienti
957 785 994 817 in
1018 784 1118 817 feodo
1136 789 1212 818 octo
1229 785 1286 817 lib.
1306 784 1362 817 sex
1373 784 1496 818 solidos
1514 791 1547 818 et

273 868 348 896 octo
367 864 525 897 denarios
544 869 577 897 et
595 865 811 897 continuanti
831 866 874 897 ad
892 864 1089 909 hujusmodi
1115 876 1201 908 opus
1227 877 1288 909 per
1313 866 1422 898 decim
1448 865 1549 909 septi-

273 1024 514 1057 liberacionem
531 1024 660 1057 factam
678 1024 700 1057 J
703 1024 831 1057 ohanm
852 1024 1026 1068 Me113011e
1041 1026 1183 1058 latinio'
1175 1037 1212 1058 111
1225 1026 1417 1058 mercedem
1432 1025 1481 1058 sui
1500 1027 1548 1059 la-

277 1104 368 1137 boris
387 1106 555 1138 conducto
574 1106 706 1138 decimo
719 1110 844 1149 quarto
862 1106 916 1137 die
933 1103 1057 1138 mensis
1076 1105 1162 1149 Maij
1179 1116 1269 1138 anno
1283 1110 1340 1138 ’ἲςς
1353 1107 1387 1137 vc
1404 1106 1474 1138 xv‘0
1486 1117 1548 1149 pro

273 1185 382 1217 decim
400 1183 515 1217 solidis
541 1186 577 1218 in
603 1183 793 1228 septimana
811 1189 844 1218 et
862 1185 1078 1218 continuanti
1105 1186 1147 1217 ad
1173 1184 1371 1230 hujusmodi
1397 1197 1483 1229 opus
1510 1187 1546 1219 in

274 1269 433 1298 octavum
453 1265 614 1298 Octobris
634 1264 785 1309 ejusdem
806 1266 887 1298 anni
912 1266 1091 1298 extenden.
1110 1266 1154 1298 ad
1173 1266 1299 1310 viginti
1320 1276 1430 1299 unum
1447 1265 1548 1309 septi-

274 1357 393 1379 manas
411 1357 434 1379 x
452 1347 487 1379 11.
503 1357 525 1378 x
545 1349 569 1379 Ξ.
620 1345 669 1379 Et
687 1347 797 1379 eidem
816 1346 838 1379 J
841 1346 968 1379 ohanni
986 1357 1005 1379 a
1023 1346 1115 1379 dicto
1132 1351 1253 1379 octavo
1271 1347 1325 1379 die
1342 1344 1464 1380 menfis
1482 1347 1549 1380 Oc-

274 1426 381 1459 tobris
400 1424 563 1460 inclusive
581 1427 718 1459 noviter
736 1427 905 1459 conducto
923 1427 966 1459 ad
984 1426 1116 1459 dictum
1130 1437 1216 1469 opus
1235 1427 1272 1459 111
1290 1427 1437 1459 eundem
1455 1427 1545 1459 diem

275 1518 366 1540 anno
384 1509 541 1540 revoluto
559 1508 708 1551 capienti
735 1518 796 1550 per
821 1518 952 1540 annum
978 1508 1015 1540 in
1040 1508 1231 1540 mercedem
1250 1506 1300 1539 sui
1318 1507 1445 1540 laboris
1471 1513 1547 1541 octo

274 1588 383 1620 decim
414 1587 473 1620 lib.
501 1588 538 1619 ix
563 1590 588 1619 Ξ.
639 1586 688 1619 Et
718 1588 885 1620 allocatur
915 1587 1023 1619 eidem
1055 1598 1116 1629 per
1146 1587 1387 1619 liberacionem
1417 1586 1543 1620 factam

274 1667 427 1700 Johanni
446 1667 693 1711 Cunynghaim
717 1667 862 1700 lathimo
886 1667 922 1699 in
946 1667 1135 1699 mercedem
1157 1665 1208 1699 sui
1232 1667 1359 1699 laboris
1378 1668 1546 1700 conducto

275 1749 406 1781 decimo
424 1753 548 1792 quarto
567 1749 621 1780 die
638 1746 762 1781 mensis
782 1747 867 1792 Maij
888 1758 979 1780 anno
997 1752 1053 1780 *tc*
1074 1748 1108 1780 vc
1125 1746 1196 1780 xv²⁰
1218 1758 1281 1790 pro
1305 1746 1361 1779 sex
1379 1746 1494 1780 solidis
1512 1753 1545 1780 et

275 1834 351 1862 octo
369 1829 518 1861 denariis
540 1829 575 1861 in
599 1827 789 1872 septimana
813 1833 847 1861 et
869 1828 1085 1861 continuanti
1109 1828 1153 1861 ad
1178 1826 1375 1872 hujusmodi
1401 1839 1485 1870 opus
1510 1829 1546 1860 111

275 1914 435 1942 octavum
462 1909 621 1942 Octobris
648 1908 797 1953 ejusdem
828 1910 909 1941 anni
939 1906 1108 1942 exclusive
1138 1909 1316 1941 extenden.
1344 1909 1387 1941 ad
1418 1909 1544 1953 viginti

275 2001 383 2022 unum
400 1989 605 2033 septimanas
624 1990 670 2033 vij
691 1990 726 2022 li.
778 1989 828 2022 Et
845 1989 955 2022 eidem
972 1989 994 2022 J
997 1989 1126 2022 ohanni
1145 1988 1391 2033 Cunynghaim
1409 1989 1545 2021 noviter

275 2070 442 2103 conducto
469 2071 560 2103 dicto
588 2074 709 2103 octavo
737 2071 792 2103 die
819 2067 942 2103 menfis
973 2069 1133 2103 Octobris
1164 2069 1208 2102 ad
1238 2069 1369 2102 dictum
1397 2079 1482 2112 opus
1509 2069 1543 2101 in
