1837 2698
397 317 535 349 VITAE
558 315 890 350 EPISCOPORUM
912 313 1317 347 DUNKELDENSIUM.
1446 315 1490 346 53

215 425 355 466 Christi,
377 432 410 460 et
433 428 591 471 precibus
616 429 716 461 divae
733 426 891 472 Virginis
916 426 1050 460 Mariae
1068 436 1106 458 ac
1129 423 1267 468 patroni
1291 422 1407 455 Sancti
1426 420 1491 454 Co-

214 508 360 547 lumbae,
372 513 405 541 et
423 520 491 541 non
510 507 578 541 suis
597 509 740 547 meritis,
757 507 970 541 salvandum.
1014 506 1126 550 Super
1143 505 1269 549 quibus
1288 516 1308 536 a
1326 500 1490 547 magistro

214 588 350 622 Thoma
376 589 519 628 Brown,
546 590 675 622 vicario
699 590 741 622 de
763 589 1006 633 Outhergavin
1034 593 1116 621 tunc
1141 585 1305 631 presente,
1332 584 1402 624 suo,
1429 595 1492 628 pro

213 674 376 712 tempore,
394 668 502 703 scriba
521 676 554 703 et
572 671 758 713 capellano,
782 668 926 703 testibus
945 669 1043 702 nobis
1068 668 1263 712 praedictis,
1287 678 1325 699 ac
1349 666 1489 699 domino

214 749 235 781 J
238 750 373 783 ohanne
388 750 488 795 Tyry
503 751 632 784 vicario
649 751 691 783 de
705 750 929 788 Crawmund,
943 761 981 783 ac
994 749 1143 782 dominis
1157 753 1329 782 terrarum
1348 749 1493 781 circum-

211 832 414 875 jacentium,
429 833 497 864 viz.
515 831 675 864 Johanne
688 831 819 876 Cargill
834 832 876 863 de
891 830 1052 870 Kinloch,
1065 829 1226 863 Johanne
1240 829 1338 862 Blair
1353 829 1395 861 de
1410 828 1496 861 Hal-

216 918 312 951 toun,
330 912 444 945 David
465 912 684 957 Scrimgeour
702 913 744 945 de
762 912 905 950 Fardill,
923 911 945 944 J
948 912 1082 945 ohanne
1101 911 1249 944 Stewart
1267 911 1309 943 de
1327 910 1494 953 Arntnly,

215 993 371 1026 lValtero
396 993 619 1026 Bannerman
646 994 686 1026 de
714 993 967 1031 Kellebrochin‚
987 992 1141 1025 Roberto
1165 992 1316 1025 Browne
1343 992 1384 1024 de
1408 990 1494 1024 For-

214 1075 301 1114 dale,
318 1073 341 1106 J
343 1074 478 1107 ohanne
498 1074 646 1108 Moncur
664 1075 706 1107 de
724 1074 899 1118 Ballwny,
919 1074 942 1106 J
945 1074 1080 1107 ohanne
1102 1073 1236 1117 Retray
1253 1074 1295 1106 de
1313 1072 1497 1111 Leichhill,

214 1160 248 1189 et
260 1154 397 1188 Thoma
411 1155 542 1188 Brown
560 1156 769 1188 aromatario
787 1166 826 1188 ac
844 1156 918 1188 cive
932 1155 1083 1188 civitatis
1097 1154 1215 1187 Sancti
1228 1154 1402 1193 Andreae,
1416 1165 1494 1187 cum

215 1237 335 1269 multis
354 1237 441 1275 aliis,
464 1235 710 1279 protestatione
732 1236 834 1275 facta,
861 1236 1102 1269 archidiacono
1129 1247 1243 1269 arcam
1271 1235 1438 1268 crismatis
1461 1241 1495 1269 et

215 1322 354 1350 cantore
369 1328 429 1350 vas
443 1329 520 1350 cum
537 1329 626 1361 aqua
642 1317 819 1350 benedicta
834 1317 1043 1356 tenentibus,
1058 1317 1167 1360 incepi
1183 1317 1378 1360 pontificem
1393 1318 1496 1351 inun-

214 1410 304 1443 gere.
332 1398 420 1431 Cum
436 1398 628 1432 celebrandi
646 1398 761 1431 forent
777 1396 909 1442 psalmi,
924 1410 979 1431 me
993 1409 1071 1431 cum
1086 1396 1295 1431 assessoribus
1309 1399 1494 1442 praedictis

214 1480 367 1523 primum
387 1478 521 1512 versum
540 1479 745 1518 dicentibus,
759 1479 918 1522 pontifex
931 1490 1009 1512 cum
1027 1480 1120 1512 dicto
1137 1477 1197 1512 suo
1216 1480 1391 1522 capellano
1405 1480 1496 1513 vica-

216 1561 268 1593 rio
287 1561 328 1594 de
346 1560 602 1605 Outhergavim
620 1561 769 1593 alterum
787 1560 933 1599 versum,
952 1559 1111 1594 distincte
1128 1571 1167 1593 ac
1188 1558 1213 1593 fi
1236 1559 1336 1593 sanus
1355 1572 1496 1604 corpore

217 1639 341 1680 fuisset,
359 1642 567 1685 proferebat,
587 1640 660 1681 nifi,
679 1642 763 1686 quia
780 1642 993 1675 infirmitatis
1011 1642 1166 1686 gravitas
1179 1641 1371 1674 anhelitum
1390 1642 1497 1686 impe-

216 1723 342 1762 diebat,
360 1724 444 1756 adeo
463 1724 626 1756 velociter
649 1721 734 1756 ficut
757 1734 819 1756 nos
843 1723 998 1767 proferre
1021 1734 1090 1756 non
1114 1727 1262 1766 poterat,
1279 1723 1495 1766 capellanum

217 1804 365 1849 rogavit,
382 1809 422 1837 ut
439 1803 586 1847 psalmos
604 1805 773 1847 paulatim
799 1809 833 1837 et
857 1804 991 1837 tardius
1017 1804 1128 1837 dicere
1147 1805 1273 1843 vellet3
1302 1808 1335 1836 et
1360 1802 1402 1837 fic
1420 1805 1494 1849 ejus

217 1885 402 1929 adjutorio,
420 1890 610 1918 extremam
628 1886 825 1931 peregimus
842 1886 1052 1919 unctionem.
1102 1885 1274 1919 Unctione
1292 1892 1441 1929 peracta,
1459 1888 1494 1921 in

216 1966 388 2010 pontificis
413 1965 603 2009 praesentia
626 1964 722 1999 miss'a
745 1967 948 2005 celebratur,
970 1977 1073 2010 quam
1101 1967 1225 1999 devote
1248 1966 1434 2008 (orationes
1457 1969 1494 2001 in

217 2048 306 2081 libro
330 2051 370 2081 ut
395 2046 527 2091 semper
553 2046 680 2080 solebat
705 2048 836 2092 legens)
855 2048 945 2081 laeto
968 2052 1008 2080 ut
1028 2048 1190 2091 apparuit
1216 2049 1331 2081 animo
1350 2050 1494 2083 audivit.

219 2128 353 2162 Audita
373 2127 470 2162 missa
491 2133 525 2162 et
549 2128 733 2162 refectione
757 2133 867 2173 capta,
891 2127 1034 2172 pausare
1052 2129 1163 2172 coepit
1181 2127 1287 2173 usque
1305 2131 1494 2164 meridiem.
