1837 2698
246 323 313 354 112
514 318 776 351 COMPOTUM
799 319 1023 349 MAGISTRI
1045 317 1242 350 FABRICE

243 428 304 471 xiij
323 429 359 460 in
378 428 564 460 terminum
587 425 801 460 Pentecostes
820 427 901 459 anni
919 431 976 459 *tc*
995 428 1028 459 vc
1045 424 1138 471 xiiijtj
1157 427 1285 470 capien.
1303 437 1364 470 per
1381 436 1512 459 annum

243 508 369 551 viginti
383 507 488 540 libras
515 507 599 540 Inde
613 507 739 551 viginti
754 511 904 550 quatuor
917 506 1025 540 bollas
1039 507 1242 540 victualium
1256 517 1320 550 pro
1333 506 1512 539 duodecim

243 588 365 620 mercis
383 589 419 620 in
442 587 587 630 pecunia
609 598 670 630 per
694 590 948 630 compotantem
966 587 1002 619 ix
1019 587 1055 632 lj.
1075 588 1108 631 vj
1129 589 1154 620 ἓ.
1172 587 1232 631 viij
1252 585 1284 620 d.
1303 584 1512 619 considerato

243 668 335 711 quod
361 668 483 700 habuit
505 668 613 700 decim
643 678 773 700 mercas
797 668 977 700 annuatim
1003 678 1066 710 pro
1092 665 1188 700 servo
1213 666 1273 700 suo
1298 664 1334 710 ly
1354 664 1512 711 prenteis

244 747 291 780 Et
310 748 477 780 allocatur
494 748 603 780 eidem
621 759 682 791 per
701 748 940 780 liberacionem
964 747 1092 780 factam
1113 747 1135 780 J
1137 747 1266 780 ohanni
1288 747 1419 779 Brown
1441 757 1513 779 ma-

242 826 349 871 gistro
366 828 598 860 lathomorum
617 828 746 870 capien.
761 839 821 871 per
838 839 966 861 annum
986 828 1165 861 duodecim
1183 838 1313 860 mercas
1332 831 1365 859 et
1379 827 1511 859 venien.

242 909 333 950 apud
352 919 437 951 opus
455 908 549 941 omni
566 919 656 941 anno
670 912 782 951 quart.
798 912 831 940 et
844 907 990 951 spectan.
1005 908 1159 951 quolibet
1177 912 1330 950 tempore
1348 918 1408 950 per
1426 907 1511 939 duas

242 987 447 1031 septimanas
464 993 567 1031 prout
584 988 732 1021 habetur
749 989 785 1020 iu
803 989 1014 1031 prothocollo
1033 989 1163 1021 domiui
1191 988 1331 1020 Findlai
1350 987 1511 1031 Symonis

241 1069 367 1101 notarii
381 1066 434 1101 xltj
449 1071 464 1101 ἔ
502 1068 552 1102 Et
569 1070 735 1101 allocatur
753 1069 861 1101 eidem
880 1080 940 1111 per
958 1069 1199 1101 liberaciouem
1216 1068 1344 1101 factam
1358 1067 1511 1100 Roberto

243 1148 417 1191 Merl3one
442 1149 579 1181 noviter
602 1149 770 1181 conducto
795 1149 924 1191 capien.
943 1160 1005 1191 per
1029 1159 1159 1181 annum
1177 1148 1303 1192 viginti
1327 1158 1456 1179 mercas
1478 1151 1512 1179 et

241 1233 316 1260 octo
340 1228 446 1260 bollas
469 1228 598 1260 farrine
618 1228 777 1270 incipien.
795 1228 831 1260 in
854 1226 939 1261 festo
962 1228 1079 1260 Sancti
1100 1227 1244 1260 Mertini
1262 1227 1419 1269 proximo
1437 1237 1512 1269 pre-

241 1307 353 1340 cedeu.
372 1310 406 1339 et
423 1307 458 1339 in
477 1307 686 1350 principium
703 1306 885 1339 solucionis
902 1305 958 1339 sue
976 1307 1140 1339 mercedis
1158 1306 1285 1339 laboris
1303 1285 1377 1349 xiiij
1398 1307 1422 1337 ἔ.
1462 1303 1512 1337 Et

241 1386 396 1419 Thomae
419 1387 686 1431 Fothriughaim
709 1398 747 1419 ac
764 1386 786 1418 J
789 1387 917 1419 ohanni
936 1386 1067 1419 Cowtis
1085 1385 1249 1419 lathomis
1267 1385 1400 1417 venien.
1419 1385 1511 1427 apud

239 1465 445 1498 Dunkelden
469 1476 532 1508 pro
555 1466 705 1498 conciliis
724 1476 843 1498 eorum
861 1466 954 1508 apud
972 1476 1058 1508 opus
1075 1465 1112 1497 in
1129 1464 1300 1497 bibalibus
1319 1443 1367 1507 iiij
1390 1466 1414 1496 Ξ.
1433 1463 1456 1507 ij
1477 1461 1509 1495 d.

240 1544 288 1578 Et
316 1546 481 1578 allocatur
508 1546 617 1578 eidem
645 1556 706 1588 per
733 1545 975 1578 liberacionem
1003 1545 1130 1578 factam
1156 1543 1284 1577 Jacobo
1310 1542 1453 1586 Aysoun
1477 1548 1510 1576 et

238 1624 259 1656 J
262 1624 390 1657 ohanni
408 1624 522 1668 Dykis
541 1622 576 1667 lg]
586 1622 746 1668 prenteis
764 1624 799 1656 in
818 1624 925 1656 feodis
943 1623 1010 1656 suis
1029 1624 1158 1667 capien.
1176 1634 1237 1666 per
1255 1634 1384 1656 annum
1404 1623 1510 1655 firlot-

238 1716 293 1737 am
311 1705 438 1737 ferrine
456 1705 493 1737 in
510 1703 699 1748 septimana
716 1709 749 1737 et
768 1705 893 1749 viginti
912 1703 1034 1737 solidos
1058 1714 1119 1746 per
1137 1713 1267 1736 aunum
1291 1713 1410 1735 eorum
1434 1703 1510 1745 qui-

236 1784 319 1817 libet
336 1782 400 1817 xxtj
419 1788 443 1817 Ξ.
494 1784 543 1817 Et
572 1785 681 1817 eidem
705 1795 765 1827 per
785 1784 1027 1816 liberaciouem
1045 1783 1172 1816 factam
1190 1783 1316 1815 fodien.
1336 1786 1370 1815 et
1386 1783 1508 1815 ducen.

235 1865 348 1897 lutum
376 1865 438 1908 vi3.
457 1865 604 1898 tricenta
627 1863 845 1908 septuaginta
866 1863 922 1896 sex
945 1875 1049 1897 onera
1072 1864 1137 1896 luti
1160 1867 1353 1906 compotan.
1371 1868 1508 1896 centum

234 1945 359 1989 viginti
381 1955 443 1988 pro
465 1951 601 1978 centum
625 1950 659 1977 et
682 1955 744 1987 pro
773 1944 928 1987 quolibet
951 1954 1052 1976 onere
1074 1944 1254 1976 denarium
1277 1947 1312 1976 et
1334 1943 1449 1975 minus
1472 1943 1509 1975 in

233 2025 390 2067 pluribus
416 2025 578 2058 oneribus
603 2035 700 2057 xxxv
720 2027 744 2057 Ξ.
763 2024 823 2067 viij
843 2021 876 2056 d.
928 2023 977 2056 Et
998 2024 1165 2056 allocatur
1187 2023 1295 2055 eidem
1320 2023 1356 2055 in
1376 2022 1508 2055 ductio-

233 2115 311 2137 nem
336 2105 606 2149 quingentorum
629 2105 809 2138 duodecim
834 2104 989 2147 lapidum
1011 2103 1199 2137 muralium
1217 2103 1262 2136 ad
1279 2112 1364 2145 opus
1386 2100 1507 2134 Pontis
