1837 2698
381 319 518 349 VITAE
542 318 875 350 EPISCOPORUM
898 317 1305 349 DUNKELDENSIUM.
1460 322 1503 354 29

217 429 362 472 janitori
388 429 500 462 dictus
528 429 702 462 Robertus
728 428 912 472 respondit,
940 432 959 445 “
987 427 1078 460 Mihi
1105 438 1210 471 negas
1245 423 1441 471 ingressum,
1469 432 1500 458 et

220 511 351 554 regiam
369 509 586 553 presentiam,
601 511 677 543 ideo
696 511 833 543 mittam
851 515 949 544 extra
967 521 1109 543 murum
1126 508 1262 553 Anglos
1281 519 1431 551 quorum
1449 507 1498 540 fa-

221 601 302 624 vore
320 591 486 624 exaudiar
499 592 526 624 :'’
552 592 679 635 quibus
701 602 743 624 ex
766 592 890 630 verbis,
913 591 990 624 Rex
1013 592 1167 629 allectus,
1186 594 1323 633 recepta
1344 589 1501 632 pecunia,

218 673 396 715 placatur3
424 678 457 705 et
485 684 525 705 eo
555 673 689 711 melius,
716 673 809 717 quod
836 673 998 706 dominus
1028 672 1206 706 «Iohannes
1239 670 1391 715 Ramsay
1410 671 1498 715 Regi

218 754 331 797 primo
356 754 511 791 dilectus,
530 752 771 787 affedationem
798 752 953 787 ecclesiae
979 755 1021 786 (le
1049 753 1230 786 Abercorn
1256 764 1319 796 pro
1345 752 1492 796 quadra-

217 836 317 880 ginta
330 836 453 868 mercis
468 834 623 878 episcopo
636 834 807 868 solvendis
821 835 973 868 obtinuit
986 845 994 874 ;
1022 846 1120 878 quae,
1133 840 1272 867 mortuo
1286 834 1394 878 Rege,
1408 834 1500 866 dicto

221 917 361 949 domino
391 915 551 949 Johanne
586 917 623 948 in
653 915 820 960 Angliam
852 916 1044 959 deportato,
1074 915 1182 948 libera
1208 915 1364 958 episcopo
1390 915 1501 947 rediit.

224 998 303 1031 Hiis
321 1002 355 1030 et
373 997 449 1030 aliis
472 997 606 1035 mediis,
625 996 777 1030 obtentis
796 996 904 1042 Regis
923 1001 957 1030 et
974 997 1196 1030 dominorum
1215 996 1405 1035 favoribus,
1423 1007 1502 1029 cum

220 1080 326 1112 electo
344 1089 462 1121 pacem
481 1078 573 1117 fecit,
591 1075 734 1111 remiffis
763 1078 873 1110 eidem
895 1077 1067 1111 fructibus
1094 1089 1156 1121 per
1177 1089 1268 1117 eum,
1286 1083 1441 1121 tempore
1462 1078 1502 1109 li-

218 1160 274 1198 tis,
291 1160 446 1203 receptis.
500 1159 600 1192 Tunc
626 1160 705 1192 licet
722 1159 895 1202 pacificus,
914 1160 1050 1204 magnis
1069 1159 1279 1192 onerabatur
1304 1159 1441 1197 debitis,
1460 1160 1501 1191 de

220 1240 347 1284 quibus
361 1241 530 1283 paulatim
544 1238 723 1279 satisfecit3
744 1244 777 1272 et
791 1240 931 1273 interim
945 1239 1081 1273 favores
1093 1242 1237 1284 patriae,
1249 1241 1455 1274 liberalitate
1469 1245 1502 1272 et

220 1322 356 1367 magnis
374 1322 410 1354 in
428 1321 562 1354 familia
581 1318 747 1364 expensis,
765 1320 942 1354 hilaritate
960 1326 994 1354 et
1016 1320 1152 1360 astutia,
1171 1321 1326 1355 obtinere
1349 1322 1475 1354 meruit
1492 1331 1500 1355 ς

218 1403 343 1436 debitis
361 1401 579 1446 postmodum
598 1401 728 1441 solutis,
742 1403 786 1435 ad
803 1402 974 1435 bonorum
993 1413 1136 1446 operum
1155 1404 1277 1441 otium,
1296 1407 1409 1436 totum
1428 1404 1501 1436 ani-

220 1495 317 1517 mum
335 1485 439 1517 dedit.
491 1483 611 1516 Primo
629 1484 719 1516 circa
736 1494 856 1516 curam
877 1484 1040 1516 dominici
1067 1485 1184 1529 gregis
1208 1482 1270 1517 sibi
1292 1482 1501 1517 commissam

220 1566 379 1610 vigilans,
406 1565 523 1598 doctos
550 1565 643 1597 viros
670 1564 879 1597 Dunkelden
905 1565 1062 1604 adduxit,
1080 1565 1207 1609 quibus
1234 1565 1344 1598 officia
1369 1566 1501 1609 majora

221 1645 412 1686 commisit;
439 1647 509 1679 viz.
528 1645 720 1679 subdecano
746 1643 1032 1680 commissariatus
1050 1647 1182 1690 pariter
1200 1652 1234 1680 et
1252 1647 1378 1680 ruralis
1405 1647 1502 1680 deca-

222 1732 325 1761 natus
343 1727 503 1766 officium,
522 1738 583 1771 per
596 1726 793 1761 universam
808 1725 983 1761 diocesim:
1010 1732 1096 1771 quot
1108 1728 1241 1767 focarii,
1252 1733 1339 1772 quot
1353 1729 1501 1761 adulteri

224 1814 258 1842 et
284 1807 491 1849 incestuarii,
517 1821 579 1853 per
603 1808 846 1848 subdecanum,
873 1821 913 1843 eo
948 1807 1128 1848 assistente,
1154 1808 1234 1843 sunt
1260 1810 1414 1847 correcti,
1441 1821 1503 1842 nec

223 1891 362 1923 clericos
380 1901 442 1923 nec
460 1891 564 1923 laicos
582 1891 692 1924 dictae
710 1890 877 1924 dioceseos
895 1892 990 1924 latet.
1025 1891 1227 1924 Subdecano
1245 1891 1289 1924 ad
1308 1890 1503 1924 Romanam

222 1972 353 2004 curiam
366 1969 471 2010 misso,
486 1972 523 2004 in
537 1971 655 2004 officiis
668 1971 853 2014 praedictis
868 1972 1070 2015 perdoctum
1085 1976 1120 2004 et
1133 1972 1275 2005 omnino
1288 1970 1502 2015 spiritualem

224 2053 340 2085 virum
360 2050 569 2097 Magistrum
587 2051 785 2085 walterum
804 2051 946 2091 Brown,
964 2052 1138 2086 sacrarum
1155 2053 1337 2086 literarum
1360 2052 1505 2086 bacalla-

223 2135 325 2173 rium,
339 2135 375 2167 in
390 2134 470 2179 jure
488 2135 652 2168 canonico
670 2134 827 2178 apprime
841 2135 1028 2174 eruditum,
1048 2134 1084 2168 in
1103 2134 1280 2168 officialem
1298 2135 1506 2179 generalem,
