<?xml version="1.0" encoding="UTF-8"?>
<!DOCTYPE html PUBLIC "-//W3C//DTD XHTML 1.0 Transitional//EN"
    "http://www.w3.org/TR/xhtml1/DTD/xhtml1-transitional.dtd">
<html xmlns="http://www.w3.org/1999/xhtml" xml:lang="en" lang="en">
 <head>
  <title>
</title>
<meta http-equiv="Content-Type" content="text/html;charset=utf-8" />
  <meta name='ocr-system' content='tesseract 3.04.00' />
  <meta name='ocr-capabilities' content='ocr_page ocr_carea ocr_par ocr_line ocrx_word'/>
</head>
<body>
  <div class='ocr_page' id='page_1' title='image "./vitaedunkeldensi00myln_0147.png"; bbox 0 0 1837 2698; ppageno 0'>
   <div class='ocr_carea' id='block_1_1' title="bbox 608 319 1520 355">
    <p class='ocr_par' dir='ltr' id='par_1_1' title="bbox 608 319 1520 355">
     <span class='ocr_line' id='line_1_1' title="bbox 608 319 1520 355; baseline 0.004 -4"><span class='ocrx_word' id='word_1_1' title='bbox 608 319 772 351; x_wconf 88' lang='lat' dir='ltr'>PONTIS</span> <span class='ocrx_word' id='word_1_2' title='bbox 795 319 1154 351; x_wconf 89' lang='lat' dir='ltr'>DUNKELDENSIS.</span> <span class='ocrx_word' id='word_1_3' title='bbox 1454 324 1469 353; x_wconf 92' lang='lat'>1</span> <span class='ocrx_word' id='word_1_4' title='bbox 1477 324 1520 355; x_wconf 76' lang='lat'>23</span> 
     </span>
    </p>
   </div>
   <div class='ocr_carea' id='block_1_2' title="bbox 245 427 1530 2002">
    <p class='ocr_par' dir='ltr' id='par_1_2' title="bbox 245 427 1530 2002">
     <span class='ocr_line' id='line_1_2' title="bbox 245 427 1520 473; baseline -0.002 -10"><span class='ocrx_word' id='word_1_5' title='bbox 245 431 391 464; x_wconf 86' lang='lat' dir='ltr'>eundem</span> <span class='ocrx_word' id='word_1_6' title='bbox 414 430 504 462; x_wconf 86' lang='lat' dir='ltr'>diem</span> <span class='ocrx_word' id='word_1_7' title='bbox 530 441 620 463; x_wconf 88' lang='lat' dir='ltr'>anno</span> <span class='ocrx_word' id='word_1_8' title='bbox 644 431 802 463; x_wconf 89' lang='lat' dir='ltr'>revoluto</span> <span class='ocrx_word' id='word_1_9' title='bbox 820 430 968 473; x_wconf 82' lang='lat' dir='ltr'>capienti</span> <span class='ocrx_word' id='word_1_10' title='bbox 985 440 1047 473; x_wconf 90' lang='lat' dir='ltr'>per</span> <span class='ocrx_word' id='word_1_11' title='bbox 1064 439 1196 462; x_wconf 88' lang='lat' dir='ltr'>annum</span> <span class='ocrx_word' id='word_1_12' title='bbox 1214 428 1395 461; x_wconf 87' lang='lat' dir='ltr'>duodecim</span> <span class='ocrx_word' id='word_1_13' title='bbox 1414 427 1520 461; x_wconf 85' lang='lat' dir='ltr'>libras</span> 
     </span>
     <span class='ocr_line' id='line_1_3' title="bbox 245 487 1522 554; baseline -0.003 -11"><span class='ocrx_word' id='word_1_14' title='bbox 245 509 415 543; x_wconf 83' lang='lat' dir='ltr'>trisdecim</span> <span class='ocrx_word' id='word_1_15' title='bbox 435 509 558 542; x_wconf 85' lang='lat' dir='ltr'>solidos</span> <span class='ocrx_word' id='word_1_16' title='bbox 577 515 611 543; x_wconf 90' lang='lat' dir='ltr'>et</span> <span class='ocrx_word' id='word_1_17' title='bbox 628 514 705 543; x_wconf 91' lang='lat' dir='ltr'>octo</span> <span class='ocrx_word' id='word_1_18' title='bbox 723 510 880 542; x_wconf 83' lang='lat' dir='ltr'>denarios</span> <span class='ocrx_word' id='word_1_19' title='bbox 904 510 950 554; x_wconf 85' lang='lat' dir='ltr'>vij</span> <span class='ocrx_word' id='word_1_20' title='bbox 971 510 1005 542; x_wconf 87' lang='lat' dir='ltr'>li.</span> <span class='ocrx_word' id='word_1_21' title='bbox 1024 509 1061 553; x_wconf 87' lang='lat' dir='ltr'>iij</span> <span class='ocrx_word' id='word_1_22' title='bbox 1082 511 1106 542; x_wconf 88' lang='lat'>3.</span> <span class='ocrx_word' id='word_1_23' title='bbox 1125 487 1175 553; x_wconf 71' lang='lat' dir='ltr'>iij</span> <span class='ocrx_word' id='word_1_24' title='bbox 1195 505 1228 541; x_wconf 84' lang='lat' dir='ltr'>d.</span> <span class='ocrx_word' id='word_1_25' title='bbox 1280 507 1330 540; x_wconf 85' lang='lat' dir='ltr'>Et</span> <span class='ocrx_word' id='word_1_26' title='bbox 1354 508 1522 540; x_wconf 82' lang='lat' dir='ltr'>allocatur</span> 
     </span>
     <span class='ocr_line' id='line_1_4' title="bbox 245 588 1524 634; baseline -0.002 -11"><span class='ocrx_word' id='word_1_27' title='bbox 245 591 355 623; x_wconf 88' lang='lat' dir='ltr'>eidem</span> <span class='ocrx_word' id='word_1_28' title='bbox 381 601 442 634; x_wconf 86' lang='lat' dir='ltr'>per</span> <span class='ocrx_word' id='word_1_29' title='bbox 465 590 706 623; x_wconf 86' lang='lat' dir='ltr'>liberacionem</span> <span class='ocrx_word' id='word_1_30' title='bbox 725 590 852 623; x_wconf 86' lang='lat' dir='ltr'>factam</span> <span class='ocrx_word' id='word_1_31' title='bbox 869 590 892 622; x_wconf 88' lang='lat' dir='ltr'>J</span> <span class='ocrx_word' id='word_1_32' title='bbox 895 590 1023 623; x_wconf 84' lang='lat' dir='ltr'>ohanni</span> <span class='ocrx_word' id='word_1_33' title='bbox 1042 588 1222 622; x_wconf 85' lang='lat' dir='ltr'>Anderson</span> <span class='ocrx_word' id='word_1_34' title='bbox 1241 589 1363 621; x_wconf 84' lang='lat' dir='ltr'>latimo</span> <span class='ocrx_word' id='word_1_35' title='bbox 1380 588 1416 620; x_wconf 90' lang='lat' dir='ltr'>in</span> <span class='ocrx_word' id='word_1_36' title='bbox 1435 599 1524 621; x_wconf 89' lang='lat' dir='ltr'>mer-</span> 
     </span>
     <span class='ocr_line' id='line_1_5' title="bbox 247 670 1525 704; baseline -0.001 0"><span class='ocrx_word' id='word_1_37' title='bbox 247 672 362 704; x_wconf 84' lang='lat' dir='ltr'>cedem</span> <span class='ocrx_word' id='word_1_38' title='bbox 386 670 436 704; x_wconf 92' lang='lat' dir='ltr'>sui</span> <span class='ocrx_word' id='word_1_39' title='bbox 464 671 591 704; x_wconf 82' lang='lat' dir='ltr'>laboris</span> <span class='ocrx_word' id='word_1_40' title='bbox 619 676 655 704; x_wconf 89' lang='lat' dir='ltr'>et</span> <span class='ocrx_word' id='word_1_41' title='bbox 680 671 796 704; x_wconf 85' lang='lat' dir='ltr'>David</span> <span class='ocrx_word' id='word_1_42' title='bbox 825 671 945 704; x_wconf 84' lang='lat' dir='ltr'>Powte</span> <span class='ocrx_word' id='word_1_43' title='bbox 968 670 1019 703; x_wconf 90' lang='lat' dir='ltr'>sui</span> <span class='ocrx_word' id='word_1_44' title='bbox 1042 670 1165 703; x_wconf 85' lang='lat' dir='ltr'>famuli</span> <span class='ocrx_word' id='word_1_45' title='bbox 1190 671 1348 703; x_wconf 89' lang='lat' dir='ltr'>conduct.</span> <span class='ocrx_word' id='word_1_46' title='bbox 1376 670 1525 703; x_wconf 89' lang='lat' dir='ltr'>decimo-</span> 
     </span>
     <span class='ocr_line' id='line_1_6' title="bbox 246 749 1524 796; baseline -0.001 -12"><span class='ocrx_word' id='word_1_47' title='bbox 246 756 368 784; x_wconf 83' lang='lat' dir='ltr'>octavo</span> <span class='ocrx_word' id='word_1_48' title='bbox 394 752 449 784; x_wconf 85' lang='lat' dir='ltr'>die</span> <span class='ocrx_word' id='word_1_49' title='bbox 475 749 599 784; x_wconf 87' lang='lat' dir='ltr'>menfis</span> <span class='ocrx_word' id='word_1_50' title='bbox 624 751 722 796; x_wconf 83' lang='lat' dir='ltr'>Junij</span> <span class='ocrx_word' id='word_1_51' title='bbox 751 762 842 784; x_wconf 89' lang='lat' dir='ltr'>anno</span> <span class='ocrx_word' id='word_1_52' title='bbox 869 756 925 784; x_wconf 53' lang='grc' dir='ltr'>’ἴθ’</span> <span class='ocrx_word' id='word_1_53' title='bbox 950 752 983 784; x_wconf 82' lang='lat' dir='ltr'>vc</span> <span class='ocrx_word' id='word_1_54' title='bbox 1007 752 1265 794; x_wconf 86' lang='lat' dir='ltr'>decimoquinto</span> <span class='ocrx_word' id='word_1_55' title='bbox 1292 762 1354 794; x_wconf 91' lang='lat' dir='ltr'>pro</span> <span class='ocrx_word' id='word_1_56' title='bbox 1379 750 1524 783; x_wconf 85' lang='lat' dir='ltr'>sedecim</span> 
     </span>
     <span class='ocr_line' id='line_1_7' title="bbox 249 831 1525 875; baseline -0.001 -10"><span class='ocrx_word' id='word_1_57' title='bbox 249 831 362 865; x_wconf 83' lang='lat' dir='ltr'>solidis</span> <span class='ocrx_word' id='word_1_58' title='bbox 390 833 426 865; x_wconf 90' lang='lat' dir='ltr'>in</span> <span class='ocrx_word' id='word_1_59' title='bbox 456 831 648 875; x_wconf 85' lang='lat' dir='ltr'>septimana</span> <span class='ocrx_word' id='word_1_60' title='bbox 674 837 708 865; x_wconf 90' lang='lat' dir='ltr'>et</span> <span class='ocrx_word' id='word_1_61' title='bbox 731 833 930 865; x_wconf 83' lang='lat' dir='ltr'>continuan.</span> <span class='ocrx_word' id='word_1_62' title='bbox 949 832 993 865; x_wconf 84' lang='lat' dir='ltr'>ad</span> <span class='ocrx_word' id='word_1_63' title='bbox 1019 832 1150 864; x_wconf 89' lang='lat' dir='ltr'>dictum</span> <span class='ocrx_word' id='word_1_64' title='bbox 1175 842 1261 874; x_wconf 89' lang='lat' dir='ltr'>opus</span> <span class='ocrx_word' id='word_1_65' title='bbox 1288 832 1324 864; x_wconf 92' lang='lat' dir='ltr'>in</span> <span class='ocrx_word' id='word_1_66' title='bbox 1350 831 1525 874; x_wconf 86' lang='lat' dir='ltr'>prefatum</span> 
     </span>
     <span class='ocr_line' id='line_1_8' title="bbox 249 910 1525 957; baseline -0.002 -11"><span class='ocrx_word' id='word_1_67' title='bbox 249 918 410 946; x_wconf 85' lang='lat' dir='ltr'>octavum</span> <span class='ocrx_word' id='word_1_68' title='bbox 429 914 521 946; x_wconf 86' lang='lat' dir='ltr'>diem</span> <span class='ocrx_word' id='word_1_69' title='bbox 539 910 662 946; x_wconf 81' lang='lat' dir='ltr'>mensis</span> <span class='ocrx_word' id='word_1_70' title='bbox 680 913 842 946; x_wconf 82' lang='lat' dir='ltr'>Octobris</span> <span class='ocrx_word' id='word_1_71' title='bbox 861 911 1012 957; x_wconf 88' lang='lat' dir='ltr'>ejusdem</span> <span class='ocrx_word' id='word_1_72' title='bbox 1027 912 1110 945; x_wconf 86' lang='lat' dir='ltr'>anni</span> <span class='ocrx_word' id='word_1_73' title='bbox 1124 912 1305 945; x_wconf 81' lang='lat' dir='ltr'>extenden.</span> <span class='ocrx_word' id='word_1_74' title='bbox 1321 912 1364 944; x_wconf 84' lang='lat' dir='ltr'>ad</span> <span class='ocrx_word' id='word_1_75' title='bbox 1382 911 1525 945; x_wconf 82' lang='lat' dir='ltr'>sedecim</span> 
     </span>
     <span class='ocr_line' id='line_1_9' title="bbox 249 991 1525 1038; baseline -0.001 -12"><span class='ocrx_word' id='word_1_76' title='bbox 249 993 458 1037; x_wconf 84' lang='lat' dir='ltr'>septimanas</span> <span class='ocrx_word' id='word_1_77' title='bbox 485 994 533 1038; x_wconf 88' lang='lat' dir='ltr'>xij</span> <span class='ocrx_word' id='word_1_78' title='bbox 557 994 592 1026; x_wconf 91' lang='lat' dir='ltr'>li.</span> <span class='ocrx_word' id='word_1_79' title='bbox 619 994 677 1037; x_wconf 82' lang='lat' dir='ltr'>xvj</span> <span class='ocrx_word' id='word_1_80' title='bbox 703 996 727 1026; x_wconf 90' lang='lat'>3.</span> <span class='ocrx_word' id='word_1_81' title='bbox 782 993 832 1026; x_wconf 91' lang='lat' dir='ltr'>Et</span> <span class='ocrx_word' id='word_1_82' title='bbox 863 993 974 1026; x_wconf 85' lang='lat' dir='ltr'>eidem</span> <span class='ocrx_word' id='word_1_83' title='bbox 1003 1004 1023 1026; x_wconf 85' lang='lat' dir='ltr'><strong>a</strong></span> <span class='ocrx_word' id='word_1_84' title='bbox 1050 993 1142 1026; x_wconf 90' lang='lat' dir='ltr'>dicto</span> <span class='ocrx_word' id='word_1_85' title='bbox 1168 999 1289 1026; x_wconf 85' lang='lat' dir='ltr'>octavo</span> <span class='ocrx_word' id='word_1_86' title='bbox 1317 993 1372 1025; x_wconf 87' lang='lat' dir='ltr'>die</span> <span class='ocrx_word' id='word_1_87' title='bbox 1402 991 1525 1025; x_wconf 87' lang='lat' dir='ltr'>menfis</span> 
     </span>
     <span class='ocr_line' id='line_1_10' title="bbox 248 1072 1525 1117; baseline -0.001 -10"><span class='ocrx_word' id='word_1_88' title='bbox 248 1073 410 1107; x_wconf 84' lang='lat' dir='ltr'>Octobris</span> <span class='ocrx_word' id='word_1_89' title='bbox 429 1074 597 1108; x_wconf 88' lang='lat' dir='ltr'>conducto</span> <span class='ocrx_word' id='word_1_90' title='bbox 616 1075 753 1107; x_wconf 87' lang='lat' dir='ltr'>noviter</span> <span class='ocrx_word' id='word_1_91' title='bbox 769 1079 810 1107; x_wconf 90' lang='lat' dir='ltr'>ut</span> <span class='ocrx_word' id='word_1_92' title='bbox 827 1075 951 1117; x_wconf 73' lang='lat' dir='ltr'>refiqui</span> <span class='ocrx_word' id='word_1_93' title='bbox 970 1074 1006 1107; x_wconf 86' lang='lat' dir='ltr'>in</span> <span class='ocrx_word' id='word_1_94' title='bbox 1024 1074 1212 1107; x_wconf 84' lang='lat' dir='ltr'>mercedem</span> <span class='ocrx_word' id='word_1_95' title='bbox 1232 1072 1283 1106; x_wconf 90' lang='lat' dir='ltr'>sui</span> <span class='ocrx_word' id='word_1_96' title='bbox 1301 1073 1428 1106; x_wconf 86' lang='lat' dir='ltr'>laboris</span> <span class='ocrx_word' id='word_1_97' title='bbox 1447 1084 1525 1106; x_wconf 87' lang='lat' dir='ltr'>cum</span> 
     </span>
     <span class='ocr_line' id='line_1_11' title="bbox 249 1153 1527 1200; baseline 0 -13"><span class='ocrx_word' id='word_1_98' title='bbox 249 1154 365 1188; x_wconf 84' lang='lat' dir='ltr'>David</span> <span class='ocrx_word' id='word_1_99' title='bbox 385 1154 505 1188; x_wconf 87' lang='lat' dir='ltr'>Powte</span> <span class='ocrx_word' id='word_1_100' title='bbox 528 1153 587 1187; x_wconf 88' lang='lat' dir='ltr'>suo</span> <span class='ocrx_word' id='word_1_101' title='bbox 611 1153 707 1187; x_wconf 86' lang='lat' dir='ltr'>servo</span> <span class='ocrx_word' id='word_1_102' title='bbox 726 1155 769 1187; x_wconf 86' lang='lat' dir='ltr'>ad</span> <span class='ocrx_word' id='word_1_103' title='bbox 786 1153 983 1200; x_wconf 85' lang='lat' dir='ltr'>hujusmodi</span> <span class='ocrx_word' id='word_1_104' title='bbox 1002 1166 1087 1198; x_wconf 80' lang='lat' dir='ltr'>opus</span> <span class='ocrx_word' id='word_1_105' title='bbox 1107 1155 1143 1187; x_wconf 89' lang='lat' dir='ltr'>in</span> <span class='ocrx_word' id='word_1_106' title='bbox 1161 1155 1307 1187; x_wconf 84' lang='lat' dir='ltr'>eundem</span> <span class='ocrx_word' id='word_1_107' title='bbox 1327 1155 1418 1187; x_wconf 87' lang='lat' dir='ltr'>diem</span> <span class='ocrx_word' id='word_1_108' title='bbox 1437 1165 1527 1187; x_wconf 87' lang='lat' dir='ltr'>anno</span> 
     </span>
     <span class='ocr_line' id='line_1_12' title="bbox 249 1235 1527 1280; baseline 0 -13"><span class='ocrx_word' id='word_1_109' title='bbox 249 1236 409 1268; x_wconf 88' lang='lat' dir='ltr'>revoluto</span> <span class='ocrx_word' id='word_1_110' title='bbox 433 1236 562 1278; x_wconf 80' lang='lat' dir='ltr'>capien.</span> <span class='ocrx_word' id='word_1_111' title='bbox 587 1246 649 1278; x_wconf 89' lang='lat' dir='ltr'>per</span> <span class='ocrx_word' id='word_1_112' title='bbox 673 1246 803 1267; x_wconf 88' lang='lat' dir='ltr'>annum</span> <span class='ocrx_word' id='word_1_113' title='bbox 828 1235 954 1280; x_wconf 87' lang='lat' dir='ltr'>viginti</span> <span class='ocrx_word' id='word_1_114' title='bbox 980 1240 1130 1280; x_wconf 80' lang='lat' dir='ltr'>quatuor</span> <span class='ocrx_word' id='word_1_115' title='bbox 1154 1235 1212 1268; x_wconf 92' lang='lat' dir='ltr'>lib.</span> <span class='ocrx_word' id='word_1_116' title='bbox 1236 1235 1270 1280; x_wconf 83' lang='lat' dir='ltr'>xj</span> <span class='ocrx_word' id='word_1_117' title='bbox 1292 1236 1325 1268; x_wconf 90' lang='lat' dir='ltr'>li.</span> <span class='ocrx_word' id='word_1_118' title='bbox 1354 1246 1376 1267; x_wconf 84' lang='lat' dir='ltr'>x</span> <span class='ocrx_word' id='word_1_119' title='bbox 1402 1238 1425 1267; x_wconf 85' lang='lat'>3.</span> <span class='ocrx_word' id='word_1_120' title='bbox 1479 1235 1527 1268; x_wconf 89' lang='lat' dir='ltr'>Et</span> 
     </span>
     <span class='ocr_line' id='line_1_13' title="bbox 249 1315 1528 1360; baseline 0 -12"><span class='ocrx_word' id='word_1_121' title='bbox 249 1317 417 1349; x_wconf 83' lang='lat' dir='ltr'>allocatur</span> <span class='ocrx_word' id='word_1_122' title='bbox 435 1316 546 1348; x_wconf 86' lang='lat' dir='ltr'>eidem</span> <span class='ocrx_word' id='word_1_123' title='bbox 563 1326 625 1358; x_wconf 89' lang='lat' dir='ltr'>per</span> <span class='ocrx_word' id='word_1_124' title='bbox 642 1315 884 1349; x_wconf 84' lang='lat' dir='ltr'>liberacionem</span> <span class='ocrx_word' id='word_1_125' title='bbox 903 1315 1030 1349; x_wconf 83' lang='lat' dir='ltr'>factam</span> <span class='ocrx_word' id='word_1_126' title='bbox 1044 1315 1200 1349; x_wconf 89' lang='lat' dir='ltr'>Roberto</span> <span class='ocrx_word' id='word_1_127' title='bbox 1216 1316 1390 1359; x_wconf 79' lang='lat' dir='ltr'>Merl30ne</span> <span class='ocrx_word' id='word_1_128' title='bbox 1405 1316 1528 1360; x_wconf 81' lang='lat' dir='ltr'>magis-</span> 
     </span>
     <span class='ocr_line' id='line_1_14' title="bbox 251 1394 1528 1440; baseline 0 -11"><span class='ocrx_word' id='word_1_129' title='bbox 251 1404 305 1430; x_wconf 89' lang='lat' dir='ltr'>tro</span> <span class='ocrx_word' id='word_1_130' title='bbox 323 1397 549 1430; x_wconf 83' lang='lat' dir='ltr'>lathimorum</span> <span class='ocrx_word' id='word_1_131' title='bbox 575 1407 595 1429; x_wconf 84' lang='lat' dir='ltr'>a</span> <span class='ocrx_word' id='word_1_132' title='bbox 619 1394 704 1429; x_wconf 87' lang='lat' dir='ltr'>festo</span> <span class='ocrx_word' id='word_1_133' title='bbox 728 1396 846 1430; x_wconf 86' lang='lat' dir='ltr'>Sancti</span> <span class='ocrx_word' id='word_1_134' title='bbox 871 1396 1015 1430; x_wconf 86' lang='lat' dir='ltr'>Mertini</span> <span class='ocrx_word' id='word_1_135' title='bbox 1039 1397 1122 1429; x_wconf 89' lang='lat' dir='ltr'>anni</span> <span class='ocrx_word' id='word_1_136' title='bbox 1142 1402 1199 1429; x_wconf 46' lang='lat' dir='ltr'>vc&amp;</span> <span class='ocrx_word' id='word_1_137' title='bbox 1218 1399 1253 1429; x_wconf 83' lang='lat' dir='ltr'>vc</span> <span class='ocrx_word' id='word_1_138' title='bbox 1270 1397 1393 1430; x_wconf 82' lang='lat' dir='ltr'>decimi</span> <span class='ocrx_word' id='word_1_139' title='bbox 1412 1398 1528 1440; x_wconf 83' lang='lat' dir='ltr'>quarti</span> 
     </span>
     <span class='ocr_line' id='line_1_15' title="bbox 251 1476 1528 1520; baseline 0.001 -11"><span class='ocrx_word' id='word_1_140' title='bbox 251 1479 287 1510; x_wconf 90' lang='lat' dir='ltr'>in</span> <span class='ocrx_word' id='word_1_141' title='bbox 305 1478 450 1510; x_wconf 90' lang='lat' dir='ltr'>eundem</span> <span class='ocrx_word' id='word_1_142' title='bbox 466 1477 556 1509; x_wconf 85' lang='lat' dir='ltr'>diem</span> <span class='ocrx_word' id='word_1_143' title='bbox 576 1487 667 1509; x_wconf 84' lang='lat' dir='ltr'>anno</span> <span class='ocrx_word' id='word_1_144' title='bbox 681 1478 839 1510; x_wconf 86' lang='lat' dir='ltr'>revoluto</span> <span class='ocrx_word' id='word_1_145' title='bbox 853 1477 984 1520; x_wconf 81' lang='lat' dir='ltr'>capien.</span> <span class='ocrx_word' id='word_1_146' title='bbox 999 1488 1061 1520; x_wconf 86' lang='lat' dir='ltr'>per</span> <span class='ocrx_word' id='word_1_147' title='bbox 1079 1488 1209 1510; x_wconf 85' lang='lat' dir='ltr'>annum</span> <span class='ocrx_word' id='word_1_148' title='bbox 1224 1476 1402 1510; x_wconf 85' lang='lat' dir='ltr'>tresdecim</span> <span class='ocrx_word' id='word_1_149' title='bbox 1422 1478 1528 1510; x_wconf 82' lang='lat' dir='ltr'>libras</span> 
     </span>
     <span class='ocr_line' id='line_1_16' title="bbox 251 1556 1529 1602; baseline 0 -12"><span class='ocrx_word' id='word_1_150' title='bbox 251 1556 307 1590; x_wconf 85' lang='lat' dir='ltr'>sex</span> <span class='ocrx_word' id='word_1_151' title='bbox 325 1556 448 1590; x_wconf 90' lang='lat' dir='ltr'>solidos</span> <span class='ocrx_word' id='word_1_152' title='bbox 466 1562 500 1590; x_wconf 87' lang='lat' dir='ltr'>et</span> <span class='ocrx_word' id='word_1_153' title='bbox 518 1562 594 1590; x_wconf 91' lang='lat' dir='ltr'>octo</span> <span class='ocrx_word' id='word_1_154' title='bbox 612 1557 770 1590; x_wconf 87' lang='lat' dir='ltr'>denarios</span> <span class='ocrx_word' id='word_1_155' title='bbox 789 1563 823 1590; x_wconf 91' lang='lat' dir='ltr'>et</span> <span class='ocrx_word' id='word_1_156' title='bbox 841 1562 918 1590; x_wconf 91' lang='lat' dir='ltr'>octo</span> <span class='ocrx_word' id='word_1_157' title='bbox 935 1558 1044 1591; x_wconf 85' lang='lat' dir='ltr'>bollas</span> <span class='ocrx_word' id='word_1_158' title='bbox 1062 1557 1173 1590; x_wconf 80' lang='lat' dir='ltr'>farine</span> <span class='ocrx_word' id='word_1_159' title='bbox 1192 1568 1255 1601; x_wconf 90' lang='lat' dir='ltr'>pro</span> <span class='ocrx_word' id='word_1_160' title='bbox 1272 1558 1529 1602; x_wconf 81' lang='lat' dir='ltr'>quinquaginta</span> 
     </span>
     <span class='ocr_line' id='line_1_17' title="bbox 251 1636 1530 1683; baseline 0 -12"><span class='ocrx_word' id='word_1_161' title='bbox 251 1638 363 1671; x_wconf 89' lang='lat' dir='ltr'>tribus</span> <span class='ocrx_word' id='word_1_162' title='bbox 382 1637 498 1671; x_wconf 89' lang='lat' dir='ltr'>solidis</span> <span class='ocrx_word' id='word_1_163' title='bbox 516 1642 550 1671; x_wconf 87' lang='lat' dir='ltr'>et</span> <span class='ocrx_word' id='word_1_164' title='bbox 567 1642 718 1682; x_wconf 85' lang='lat' dir='ltr'>quatuor</span> <span class='ocrx_word' id='word_1_165' title='bbox 732 1638 883 1671; x_wconf 84' lang='lat' dir='ltr'>denariis</span> <span class='ocrx_word' id='word_1_166' title='bbox 902 1639 963 1683; x_wconf 90' lang='lat' dir='ltr'>viij</span> <span class='ocrx_word' id='word_1_167' title='bbox 980 1639 1014 1671; x_wconf 93' lang='lat' dir='ltr'>li.</span> <span class='ocrx_word' id='word_1_168' title='bbox 1030 1638 1090 1683; x_wconf 87' lang='lat' dir='ltr'>viij</span> <span class='ocrx_word' id='word_1_169' title='bbox 1106 1636 1139 1671; x_wconf 81' lang='lat' dir='ltr'>d.</span> <span class='ocrx_word' id='word_1_170' title='bbox 1179 1638 1228 1672; x_wconf 92' lang='lat' dir='ltr'>Et</span> <span class='ocrx_word' id='word_1_171' title='bbox 1246 1639 1357 1671; x_wconf 88' lang='lat' dir='ltr'>eidem</span> <span class='ocrx_word' id='word_1_172' title='bbox 1376 1638 1530 1672; x_wconf 87' lang='lat' dir='ltr'>Roberto</span> 
     </span>
     <span class='ocr_line' id='line_1_18' title="bbox 251 1717 1529 1762; baseline 0.001 -11"><span class='ocrx_word' id='word_1_173' title='bbox 251 1719 384 1751; x_wconf 86' lang='lat' dir='ltr'>ratione</span> <span class='ocrx_word' id='word_1_174' title='bbox 401 1717 452 1751; x_wconf 91' lang='lat' dir='ltr'>sui</span> <span class='ocrx_word' id='word_1_175' title='bbox 471 1723 668 1752; x_wconf 85' lang='lat' dir='ltr'>contractus</span> <span class='ocrx_word' id='word_1_176' title='bbox 686 1729 750 1761; x_wconf 89' lang='lat' dir='ltr'>pro</span> <span class='ocrx_word' id='word_1_177' title='bbox 768 1717 944 1752; x_wconf 83' lang='lat' dir='ltr'>escalentis</span> <span class='ocrx_word' id='word_1_178' title='bbox 959 1724 993 1752; x_wconf 90' lang='lat' dir='ltr'>et</span> <span class='ocrx_word' id='word_1_179' title='bbox 1006 1720 1199 1762; x_wconf 68' lang='lat' dir='ltr'>poculentis</span> <span class='ocrx_word' id='word_1_180' title='bbox 1213 1720 1250 1752; x_wconf 90' lang='lat' dir='ltr'>in</span> <span class='ocrx_word' id='word_1_181' title='bbox 1264 1719 1383 1752; x_wconf 85' lang='lat' dir='ltr'>diebus</span> <span class='ocrx_word' id='word_1_182' title='bbox 1398 1718 1529 1752; x_wconf 86' lang='lat' dir='ltr'>festivis</span> 
     </span>
     <span class='ocr_line' id='line_1_19' title="bbox 251 1798 1529 1843; baseline 0.002 -13"><span class='ocrx_word' id='word_1_183' title='bbox 251 1809 311 1842; x_wconf 87' lang='lat' dir='ltr'>per</span> <span class='ocrx_word' id='word_1_184' title='bbox 334 1798 424 1831; x_wconf 86' lang='lat' dir='ltr'>idem</span> <span class='ocrx_word' id='word_1_185' title='bbox 451 1803 587 1842; x_wconf 89' lang='lat' dir='ltr'>tempus</span> <span class='ocrx_word' id='word_1_186' title='bbox 609 1799 720 1843; x_wconf 86' lang='lat' dir='ltr'>xxviij</span> <span class='ocrx_word' id='word_1_187' title='bbox 742 1802 766 1831; x_wconf 87' lang='lat'>3.</span> <span class='ocrx_word' id='word_1_188' title='bbox 817 1798 866 1832; x_wconf 89' lang='lat' dir='ltr'>Et</span> <span class='ocrx_word' id='word_1_189' title='bbox 892 1799 1001 1832; x_wconf 87' lang='lat' dir='ltr'>eidem</span> <span class='ocrx_word' id='word_1_190' title='bbox 1028 1799 1182 1832; x_wconf 88' lang='lat' dir='ltr'>Roberto</span> <span class='ocrx_word' id='word_1_191' title='bbox 1205 1800 1342 1832; x_wconf 88' lang='lat' dir='ltr'>noviter</span> <span class='ocrx_word' id='word_1_192' title='bbox 1361 1801 1529 1833; x_wconf 89' lang='lat' dir='ltr'>conducto</span> 
     </span>
     <span class='ocr_line' id='line_1_20' title="bbox 251 1876 1530 1913; baseline 0.001 -1"><span class='ocrx_word' id='word_1_193' title='bbox 251 1880 287 1912; x_wconf 89' lang='lat' dir='ltr'>in</span> <span class='ocrx_word' id='word_1_194' title='bbox 305 1879 397 1912; x_wconf 85' lang='lat' dir='ltr'>dicto</span> <span class='ocrx_word' id='word_1_195' title='bbox 414 1876 500 1911; x_wconf 88' lang='lat' dir='ltr'>festo</span> <span class='ocrx_word' id='word_1_196' title='bbox 518 1877 635 1912; x_wconf 85' lang='lat' dir='ltr'>Sancti</span> <span class='ocrx_word' id='word_1_197' title='bbox 654 1878 798 1912; x_wconf 83' lang='lat' dir='ltr'>Mertini</span> <span class='ocrx_word' id='word_1_198' title='bbox 817 1879 899 1912; x_wconf 87' lang='lat' dir='ltr'>anni</span> <span class='ocrx_word' id='word_1_199' title='bbox 918 1884 975 1912; x_wconf 46' lang='lat' dir='ltr'>*cc*</span> <span class='ocrx_word' id='word_1_200' title='bbox 990 1881 1024 1911; x_wconf 88' lang='lat' dir='ltr'>vc</span> <span class='ocrx_word' id='word_1_201' title='bbox 1037 1876 1103 1912; x_wconf 74' lang='lat' dir='ltr'>xvti</span> <span class='ocrx_word' id='word_1_202' title='bbox 1122 1880 1158 1912; x_wconf 91' lang='lat' dir='ltr'>in</span> <span class='ocrx_word' id='word_1_203' title='bbox 1172 1880 1319 1912; x_wconf 87' lang='lat' dir='ltr'>eundem</span> <span class='ocrx_word' id='word_1_204' title='bbox 1334 1881 1424 1912; x_wconf 92' lang='lat' dir='ltr'>diem</span> <span class='ocrx_word' id='word_1_205' title='bbox 1439 1891 1530 1913; x_wconf 85' lang='lat' dir='ltr'>anno</span> 
     </span>
     <span class='ocr_line' id='line_1_21' title="bbox 251 1958 1530 2002; baseline 0.002 -10"><span class='ocrx_word' id='word_1_206' title='bbox 251 1960 409 1992; x_wconf 86' lang='lat' dir='ltr'>revoluto</span> <span class='ocrx_word' id='word_1_207' title='bbox 427 1959 575 2002; x_wconf 86' lang='lat' dir='ltr'>capienti</span> <span class='ocrx_word' id='word_1_208' title='bbox 594 1970 654 2002; x_wconf 86' lang='lat' dir='ltr'>per</span> <span class='ocrx_word' id='word_1_209' title='bbox 673 1970 803 1992; x_wconf 84' lang='lat' dir='ltr'>annum</span> <span class='ocrx_word' id='word_1_210' title='bbox 827 1959 1015 1993; x_wconf 88' lang='lat' dir='ltr'>octodecim</span> <span class='ocrx_word' id='word_1_211' title='bbox 1034 1959 1140 1993; x_wconf 86' lang='lat' dir='ltr'>libras</span> <span class='ocrx_word' id='word_1_212' title='bbox 1165 1959 1335 1993; x_wconf 87' lang='lat' dir='ltr'>trisdecim</span> <span class='ocrx_word' id='word_1_213' title='bbox 1354 1958 1478 1994; x_wconf 88' lang='lat' dir='ltr'>solidos</span> <span class='ocrx_word' id='word_1_214' title='bbox 1496 1966 1530 1994; x_wconf 89' lang='lat' dir='ltr'>et</span> 
     </span>
    </p>
   </div>
   <div class='ocr_carea' id='block_1_3' title="bbox 252 2039 1528 2084">
    <p class='ocr_par' dir='ltr' id='par_1_3' title="bbox 252 2039 1528 2084">
     <span class='ocr_line' id='line_1_22' title="bbox 252 2039 1528 2084; baseline 0.001 -11"><span class='ocrx_word' id='word_1_215' title='bbox 252 2045 403 2083; x_wconf 84' lang='lat' dir='ltr'>quatuor</span> <span class='ocrx_word' id='word_1_216' title='bbox 426 2040 584 2072; x_wconf 83' lang='lat' dir='ltr'>denarios</span> <span class='ocrx_word' id='word_1_217' title='bbox 609 2050 632 2072; x_wconf 91' lang='lat' dir='ltr'>v</span> <span class='ocrx_word' id='word_1_218' title='bbox 649 2040 683 2072; x_wconf 85' lang='lat' dir='ltr'>li.</span> <span class='ocrx_word' id='word_1_219' title='bbox 703 2050 725 2072; x_wconf 87' lang='lat' dir='ltr'><strong>x</strong></span> <span class='ocrx_word' id='word_1_220' title='bbox 743 2042 767 2072; x_wconf 87' lang='lat'>3.</span> <span class='ocrx_word' id='word_1_221' title='bbox 819 2039 868 2072; x_wconf 83' lang='lat' dir='ltr'>Et</span> <span class='ocrx_word' id='word_1_222' title='bbox 886 2040 1053 2073; x_wconf 84' lang='lat' dir='ltr'>allocatur</span> <span class='ocrx_word' id='word_1_223' title='bbox 1070 2040 1180 2073; x_wconf 83' lang='lat' dir='ltr'>eidem</span> <span class='ocrx_word' id='word_1_224' title='bbox 1203 2051 1264 2084; x_wconf 92' lang='lat' dir='ltr'>per</span> <span class='ocrx_word' id='word_1_225' title='bbox 1286 2040 1528 2074; x_wconf 84' lang='lat' dir='ltr'>liberacionem</span> 
     </span>
    </p>
   </div>
   <div class='ocr_carea' id='block_1_4' title="bbox 250 2120 1527 2166">
    <p class='ocr_par' dir='ltr' id='par_1_4' title="bbox 250 2120 1527 2166">
     <span class='ocr_line' id='line_1_23' title="bbox 250 2120 1527 2166; baseline 0.002 -12"><span class='ocrx_word' id='word_1_226' title='bbox 250 2120 375 2154; x_wconf 88' lang='lat' dir='ltr'>factam</span> <span class='ocrx_word' id='word_1_227' title='bbox 393 2121 485 2154; x_wconf 88' lang='lat' dir='ltr'>dicto</span> <span class='ocrx_word' id='word_1_228' title='bbox 503 2120 657 2154; x_wconf 85' lang='lat' dir='ltr'>Roberto</span> <span class='ocrx_word' id='word_1_229' title='bbox 675 2121 711 2154; x_wconf 90' lang='lat' dir='ltr'>in</span> <span class='ocrx_word' id='word_1_230' title='bbox 729 2121 921 2154; x_wconf 88' lang='lat' dir='ltr'>mercedem</span> <span class='ocrx_word' id='word_1_231' title='bbox 939 2121 1066 2155; x_wconf 84' lang='lat' dir='ltr'>laboris</span> <span class='ocrx_word' id='word_1_232' title='bbox 1085 2120 1192 2154; x_wconf 88' lang='lat' dir='ltr'>Alani</span> <span class='ocrx_word' id='word_1_233' title='bbox 1206 2120 1256 2155; x_wconf 90' lang='lat' dir='ltr'>sui</span> <span class='ocrx_word' id='word_1_234' title='bbox 1269 2120 1357 2156; x_wconf 86' lang='lat' dir='ltr'>servi</span> <span class='ocrx_word' id='word_1_235' title='bbox 1372 2123 1527 2166; x_wconf 87' lang='lat' dir='ltr'>lapidum</span> 
     </span>
    </p>
   </div>
  </div>
 </body>
</html>
