1837 2698
284 320 322 348 18
473 316 610 347 VITAE
634 315 964 347 EPISCOPORUM
985 312 1390 345 DUNKELDENSIUM.

284 426 621 460 perambulationem
634 424 715 458 fecit
729 425 769 457 de
783 425 884 458 terris
898 421 1126 457 ecclesiasticis
1140 423 1181 456 de
1196 423 1318 461 Ferne,
1332 426 1366 455 et
1384 421 1554 465 optimum

282 504 470 550 processum
496 506 618 539 habuit
643 510 763 538 contra
788 505 958 548 quendam
987 504 1183 537 XValterum
1209 503 1360 536 Stewart
1388 502 1556 535 archidia-

286 598 409 620 conum
422 586 538 619 Sancti
549 585 721 625 Andreae,
735 590 901 618 rectorem
912 586 953 617 de
967 584 1071 623 Creif,
1085 596 1147 628 pro
1160 581 1320 627 penfione
1335 584 1451 616 decem
1469 593 1557 614 mer-

284 678 412 706 carum,
431 667 473 700 ad
498 667 710 699 communias
734 666 997 705 canonicorumg
1024 676 1112 708 quae
1134 664 1246 696 adhuc
1268 664 1361 706 apud
1385 659 1557 695 ecclesiam

285 747 443 790 perhibet
462 744 707 785 testimonium,
725 751 759 778 et
776 756 855 778 eum
873 743 1018 778 testatur
1034 742 1130 777 fuisse
1149 745 1288 776 doctum
1306 748 1340 776 et
1357 743 1557 786 practicum.

286 827 484 860 Honoravit
502 827 645 860 Beatam
664 826 847 871 Virginem
866 827 958 869 apud
972 827 1079 859 altare
1092 824 1191 858 suum
1205 825 1242 856 in
1255 821 1390 856 ecclefia
1403 823 1559 856 Dunkel-

283 906 388 947 denfi,
417 912 449 940 et
483 905 666 940 fenestram
696 907 789 940 illius
823 907 941 940 altaris
969 907 1060 939 vitro
1087 910 1121 938 et
1147 905 1252 938 armis
1278 902 1347 937 suis
1372 903 1556 936 decoravit.

285 988 416 1021 Multos
429 999 562 1021 annuos
576 988 740 1025 redditus,
756 985 955 1030 praesertim
968 987 1005 1019 in
1020 986 1130 1030 burgo
1144 986 1185 1018 de
1199 985 1322 1028 Clony,
1335 984 1559 1028 comparavit,

284 1073 319 1102 et
339 1069 380 1101 de
404 1069 472 1101 illis
496 1069 602 1101 altare
627 1068 712 1100 illud
737 1067 892 1106 dotavit3
916 1067 1049 1111 majora
1072 1067 1227 1099 facturus
1251 1064 1275 1099 fi
1301 1063 1558 1109 supervixisset:

284 1148 353 1187 Qui
371 1153 514 1181 naturae
532 1148 685 1180 debitum
709 1146 851 1185 solvens,
870 1147 906 1179 in
931 1147 1049 1179 eodem
1067 1147 1190 1180 itinere
1213 1151 1371 1179 mortuus
1395 1143 1443 1177 est
1493 1144 1558 1177 Sed

285 1229 435 1267 interim,
448 1229 585 1261 favente
601 1228 708 1272 Rege,
722 1232 756 1260 et
773 1227 883 1261 dictae
901 1227 1058 1260 electioni
1073 1227 1222 1260 Donaldi
1237 1227 1355 1260 decani
1374 1223 1559 1263 resistente,

285 1309 426 1353 eligitur

335 1551 592 1585 ILLUSTRIS
617 1550 834 1585 JACOBUS
860 1549 1080 1590 KENEDY,
1104 1562 1210 1594 nepos
1235 1550 1341 1595 Regis
1369 1560 1411 1582 ex
1436 1549 1558 1582 sorore.

286 1632 517 1665 Confirmatus
535 1630 629 1665 stetit
653 1630 833 1675 episcopus
851 1632 894 1664 ad
917 1632 1002 1664 duos
1026 1642 1145 1670 annos,
1168 1635 1202 1664 et
1225 1631 1349 1663 dehinc
1374 1628 1559 1663 transsatus

285 1711 333 1745 est
350 1713 392 1745 ad
415 1712 579 1745 Sanctum
598 1712 773 1744 Andrean]
790 1722 798 1750 ;
826 1713 867 1744 de
891 1712 989 1756 cujus
1010 1710 1201 1756 magnificis
1225 1709 1340 1755 gestis,
1360 1710 1419 1743 ubi
1443 1711 1560 1755 agitur

286 1794 326 1825 de
340 1792 502 1836 episcopis
521 1792 635 1825 Sancti
651 1792 823 1831 Andreae,
837 1793 990 1831 dicetur,
1009 1790 1084 1835 post
1097 1792 1196 1835 cujus
1217 1789 1484 1829 transsationem,
1497 1802 1559 1834 per

286 1872 566 1916 supplicationem
592 1873 722 1916 regiam
741 1883 783 1904 ex
800 1870 992 1915 provifione
1010 1870 1096 1904 sedis
1120 1869 1332 1914 apostolicae,
1355 1870 1559 1913 spectabilis,

286 1959 319 1986 et
337 1954 491 1986 omnium
509 1963 644 1985 morum
663 1950 839 1985 honestate
857 1951 1056 1995 conspicuus
