1837 2698
414 306 552 337 VITAE
574 306 904 344 EPISCOPORUM
926 305 1334 337 DUNKELDENSIUM.
1464 308 1509 343 75

243 413 404 448 obsessum
422 415 562 448 reddere
580 416 786 455 noluerunt3
811 414 866 448 sed
883 416 1016 449 meritis
1034 415 1150 448 Sancti
1168 413 1368 452 Columbae,
1385 412 1510 456 absque

241 496 387 540 alicujus
417 500 528 529 morte
557 501 618 529 aut
652 496 869 529 mutilatione
903 496 1083 529 obtentum
1113 494 1172 528 est.
1233 494 1335 532 Quod
1365 493 1508 526 audiens

241 575 362 609 Comes
381 587 459 609 cum
476 576 594 615 fratre,
612 577 745 610 curiam
762 578 894 621 regiam
911 577 1095 620 petierunt,
1113 576 1310 619 quaerelam
1327 575 1506 618 deponere.

239 656 429 700 Episcopus
447 668 490 690 ex
508 656 649 690 adverso
669 656 702 690 se
719 657 900 691 defendere
922 658 1125 701 comparuit,
1144 661 1179 690 et
1201 656 1404 700 aliquandiu
1428 655 1508 687 hinc

238 738 317 770 inde
334 748 448 770 coram
466 738 606 771 domino
624 737 863 771 Gubernatore
880 742 1050 771 certatum
1067 736 1126 771 est.
1177 736 1322 775 Tamen,
1340 735 1507 779 sapientia

237 819 454 861 quorundam
466 818 697 852 Dominorum
709 804 903 858 Confilii,in
917 819 1006 852 hanc
1013 819 1200 851 deventum
1215 816 1263 851 est
1277 817 1505 854 concordiam,

237 899 305 932 viz.
324 904 363 933 ut
384 898 582 933 Postulatus
606 904 759 943 receptos
782 899 916 933 fructus
940 899 1047 932 libere
1070 899 1223 938 haberet,
1241 903 1275 931 et
1292 895 1446 931 ecclesias
1464 897 1505 929 de

234 979 355 1013 Alicht
372 984 406 1013 et
424 980 555 1025 Cargill
573 981 609 1013 in
627 978 834 1023 pensionem,
851 981 965 1014 dando
983 979 1154 1023 Episcopo
1171 984 1281 1013 certas
1299 978 1504 1011 victualium

233 1061 374 1094 celdras.
425 1060 526 1094 Tunc
543 1059 698 1094 ecclesiae
716 1065 750 1094 et
768 1058 997 1094 ecclesiasticis
1015 1065 1049 1094 et
1066 1061 1131 1094 toti
1148 1060 1281 1104 patriae
1304 1070 1373 1102 pax
1389 1057 1504 1092 secuta

233 1139 290 1174 est.
340 1141 442 1175 Unde
468 1142 558 1175 idem
585 1140 777 1185 Episcopus
803 1142 847 1175 ad
877 1141 967 1175 bona
992 1152 1106 1185 opera,
1131 1142 1314 1193 licet'aere
1340 1144 1502 1173 oneratus

232 1223 354 1261 alieno,
371 1221 403 1255 se
422 1223 517 1255 dedit
529 1233 538 1262 3
563 1228 597 1256 et
610 1234 696 1266 opus
713 1223 840 1266 pontis,
854 1234 874 1256 a
890 1220 1138 1266 praedecessore
1152 1226 1322 1266 coeptum,
1336 1232 1419 1254 arcu
1432 1232 1502 1254 uno

231 1304 410 1346 completo,
424 1307 457 1336 et
470 1314 532 1346 per
544 1303 618 1348 ejus
633 1308 831 1336 executores
844 1303 977 1336 duobus
992 1304 1068 1336 aliis
1082 1302 1240 1342 arcubus,
1257 1303 1328 1346 pila
1345 1302 1501 1340 fundata,

230 1383 390 1426 operatis,
407 1383 553 1416 ulterius
570 1383 772 1416 continuare
788 1394 859 1416 non
875 1381 974 1416 defiit
989 1393 998 1423 ;
1021 1394 1139 1428 ymmo
1155 1383 1302 1427 receptis
1319 1382 1363 1416 ab
1380 1362 1501 1415 execu-

227 1464 361 1497 toribus
384 1464 540 1497 ducentis
558 1464 684 1510 viginti
707 1464 816 1504 libriS,
833 1464 1020 1498 honorifice
1045 1465 1273 1504 continuavit,
1291 1465 1376 1498 adeo
1398 1468 1438 1497 ut
1462 1464 1498 1496 in

226 1544 323 1578 brevi
348 1545 482 1578 aditum
507 1549 580 1578 tam
606 1543 797 1590 agrestibus
822 1556 928 1589 quam
958 1544 1172 1589 pedestribus
1201 1545 1292 1579 fecit.
1346 1545 1497 1589 Reliqua

224 1625 314 1659 bona
337 1627 412 1671 ejus
434 1637 537 1670 opera
557 1627 594 1659 in
616 1625 851 1669 spiritualibus
870 1631 904 1660 et
920 1627 1180 1670 temporalibus,
1202 1625 1270 1661 suis
1288 1631 1323 1660 et
1340 1624 1495 1660 ecclesiae

223 1706 416 1746 Canonicis,
433 1707 486 1741 uti
505 1706 706 1752 maj0ribus,
726 1706 871 1741 scribere
888 1708 1057 1751 relinquo.
