1837 2698
54 978 93 1008 A.
112 979 152 1009 D.
172 981 261 1010 1173.

50 1548 89 1578 A.
107 1550 147 1581 D.
168 1550 257 1578 1174.

49 1953 88 1983 A.
106 1954 144 1984 D.
167 1956 256 1985 1178.

313 304 332 330 6
420 340 423 341 ⁷
497 298 635 330 VITAE
657 296 987 329 EPISCOPORUM
1008 295 1416 328 DUNKELDENSIUM.

363 489 616 524 RICARDUS
641 490 837 534 capellanus
861 489 953 534 regis
971 488 1152 527 Willelmi,
1173 486 1387 521 consecratus
1411 487 1448 519 in
1471 486 1593 530 vigilia

315 570 434 604 Sancti
454 571 647 610 Laurentii,
666 572 703 604 in
728 568 864 604 ecclefia
882 569 1000 603 Sancti
1025 568 1199 608 Andreae,
1216 579 1305 613 quae
1329 568 1473 612 antiqua
1499 578 1591 600 nunc

315 652 453 691 dicitur,
471 663 533 695 per
550 652 741 686 Ricardum
759 649 955 695 episcopum
973 650 1090 683 Sancti
1108 649 1281 684 Andreae.
1333 647 1402 683 Iste
1420 648 1591 682 Ricardus

314 733 475 766 liberavit
493 731 666 767 ecclefiam
690 734 731 766 de
748 731 923 766 Abireorn
941 743 962 765 a
982 732 1063 777 jure
1080 736 1285 775 patronatus
1308 730 1331 763 J
1334 723 1480 764 ohannis
1498 728 1593 762 Ave-

313 815 388 847 nele
403 825 412 854 3
432 819 466 848 et
484 815 581 847 bonis
600 813 760 857 operibus
778 814 912 857 plenus,
930 824 1009 847 cum
1026 811 1163 847 rexisset
1180 812 1349 846 ecclesiam
1368 821 1476 844 annos
1495 811 1592 843 circi-

311 900 365 928 ter
377 899 538 939 quatuor,
559 894 642 928 obiit
660 895 754 938 apud
771 894 1007 935 Crawmund3
1027 899 1061 928 et
1078 895 1116 928 in
1134 892 1246 927 insula
1263 892 1382 926 Sancti
1401 891 1589 925 Columbae

310 975 462 1019 sepultus
489 980 551 1015 est,
570 986 661 1008 anno
686 975 816 1008 domini
844 973 1025 1009 millesimo
1050 972 1232 1008 centesimo
1254 970 1504 1018 septuagefimo
1522 977 1589 1005 ter-

310 1058 368 1090 tio.
421 1057 487 1090 Cui
504 1053 655 1090 succeffit

357 1297 635 1338 CORMACUS,
652 1299 752 1343 cujus
778 1298 1068 1340 contemplatione
1093 1295 1292 1330 VVillelmus
1316 1307 1378 1330 rex
1403 1296 1499 1329 dedit
1524 1294 1587 1329 fibi

308 1387 342 1415 et
359 1378 515 1415 ecclefiae
532 1379 611 1414 suae
628 1384 738 1414 terras
756 1380 799 1413 de
816 1378 966 1424 Dulgus,
984 1379 1153 1412 decimam
1174 1379 1216 1412 de
1237 1389 1322 1412 cana
1343 1378 1434 1423 regis
1452 1378 1495 1411 de
1511 1388 1587 1421 pre—

307 1462 419 1495 benda
441 1462 482 1494 de
505 1461 658 1505 palaciis,
676 1462 718 1494 de
742 1459 852 1494 brasio
875 1462 918 1494 de
943 1461 1049 1506 regiis
1073 1461 1235 1494 dominiis
1256 1471 1295 1493 ac
1318 1460 1492 1498 maneriis,
1510 1470 1586 1503 per-

309 1543 414 1575 tinen.
433 1542 476 1575 ad
495 1542 673 1575 abbaciam
691 1542 732 1575 de
750 1541 938 1581 Dunkeld3
958 1545 992 1574 et
1005 1541 1092 1575 obiit
1109 1542 1199 1576 circa
1216 1552 1324 1575 annos
1342 1540 1473 1574 domini
1492 1540 1585 1573 mille

309 1626 447 1656 centum
465 1621 685 1667 septuaginta
700 1626 861 1665 quatuor.
913 1620 980 1654 Cui
997 1619 1148 1655 succeffit

356 1863 639 1897 WALTERUS
659 1862 727 1896 DE
751 1862 920 1903 BIDON,
938 1862 1046 1908 Regis
1065 1863 1236 1897 willelmi
1253 1864 1487 1902 cancellarius,
1506 1874 1585 1896 con-

306 1943 454 1978 secratus
481 1956 573 1978 anno
597 1945 729 1978 domini
753 1942 933 1978 millesimo
957 1943 1139 1979 centesimo
1164 1943 1413 1991 septuagesimo
1434 1950 1580 1984 octavo3

305 2025 366 2068 qui
383 2026 506 2068 plenus
524 2025 659 2059 dierum
677 2029 711 2059 et
728 2025 827 2059 bonis
845 2027 1007 2070 operibus
1025 2027 1144 2061 curial.
1162 2027 1257 2061 obiit.
1309 2027 1374 2060 Cui
1392 2025 1540 2060 succeffit
