1837 2698
617 285 782 318 PONTIS
805 284 1169 318 DUNKELDENSIS.
1473 289 1540 320 105

260 396 297 429 ix
309 394 342 429 d.
384 395 434 430 Et
450 396 488 429 in
505 393 716 430 structuram
735 394 861 430 stabuli
879 397 1086 430 veredorum
1104 396 1148 428 ad
1165 394 1327 428 Cimbam
1344 394 1387 427 de
1405 392 1540 437 Capeth

259 479 296 511 in
311 477 472 511 omnibus
488 475 643 521 expenfis
657 477 768 522 xxviij
785 480 810 510 Ξ.
824 477 885 522 viij
902 475 935 510 d.
978 476 1028 510 Et
1045 477 1156 510 eidem
1174 477 1211 510 in
1230 474 1375 520 fingulis
1389 472 1543 518 expenfis

260 559 350 592 circa
367 569 496 591 novum
517 556 691 592 stabulum
711 559 917 592 veredorum
940 556 1174 591 constructum
1198 557 1236 589 in
1260 555 1426 589 Dunkeld
1443 555 1542 599 cujus

260 639 422 671 dominus
441 639 546 671 habet
563 639 908 672 liberetenementum
928 638 976 682 vij
997 638 1032 670 li.
1054 638 1102 681 vij
1123 639 1147 670 Ξ.
1166 615 1216 681 iiij
1236 634 1269 669 d.
1313 635 1362 669 Et
1376 636 1544 669 allocatur

260 720 371 752 eidem
389 730 450 763 per
467 720 681 763 empcionem
693 724 844 763 quatuor
859 717 906 752 lie
924 716 1143 752 Szcmmolcis
1160 718 1205 751 ad
1222 716 1366 750 veredos
1383 727 1447 760 pro
1465 726 1545 749 con-

261 799 437 833 servandis
455 801 563 845 tergis
581 800 625 833 ab
646 800 809 834 oneribus
832 800 857 844 ij
877 802 902 833 5.
953 799 1004 832 Et
1020 800 1129 832 eidem
1150 799 1187 832 in
1205 798 1420 841 empcionem
1437 797 1544 830 unius

261 880 352 914 sacce
376 892 440 924 pro
463 881 644 924 portandis
669 882 788 914 avenis
812 881 856 913 ad
879 881 1024 913 veredos
1042 881 1066 924 ij
1087 882 1112 912 ἔ.
1164 879 1215 912 Et
1232 879 1269 912 in
1286 878 1544 921 reparacionem

261 962 409 995 duarum
428 960 642 994 sentinarum
660 960 861 994 habitarum
879 971 900 993 a
913 959 1106 993 willielmo
1124 959 1238 1003 Chaip
1255 960 1297 992 de
1311 958 1438 999 Pertht
1456 958 1502 1003 vij
1520 961 1544 992 ἔ.

260 1043 294 1086 vj
313 1040 347 1074 d.
397 1040 448 1075 Et
465 1042 634 1075 allocatur
651 1042 762 1074 eidem
780 1052 842 1085 per
859 1041 1074 1085 empcionem
1100 1045 1274 1074 certarum
1297 1040 1482 1073 cordarum
1501 1039 1545 1071 ad

262 1122 309 1156 lie
335 1121 461 1155 tlzetz‘is
486 1123 585 1166 equis
611 1123 747 1156 veredis
772 1133 835 1166 per
859 1127 997 1166 tempus
1024 1122 1176 1166 compoti
1203 1122 1276 1167 xlvj
1300 1124 1325 1154 ἔ.
1351 1122 1386 1166 vj
1411 1119 1444 1154 d.
1496 1119 1543 1153 Et

261 1204 430 1237 allocatur
447 1204 558 1236 eidem
572 1214 634 1247 per
648 1204 863 1247 empcionem
877 1207 1016 1236 centum
1030 1202 1251 1247 septuaginta
1263 1201 1321 1235 sex
1333 1201 1545 1235 tribularum

263 1285 378 1327 precio
395 1284 490 1326 pecie
508 1289 548 1317 ut
566 1284 603 1316 in
621 1284 782 1327 pluribus
800 1285 869 1316 duo
887 1284 1021 1317 denarii
1042 1284 1080 1316 in
1103 1284 1249 1327 pecunia
1272 1281 1404 1316 summe
1427 1283 1546 1316 totalis

262 1365 346 1408 xxvj
372 1367 397 1397 Ξ.
449 1364 500 1397 Et
523 1365 691 1398 allocatur
714 1365 825 1398 eidem
847 1375 909 1408 per
930 1365 1143 1408 empeionem
1168 1375 1216 1397 xv
1235 1362 1282 1397 lie
1302 1362 1460 1396 {adderis
1483 1374 1547 1407 pro

264 1446 398 1478 veredis
412 1446 449 1478 in
469 1443 574 1478 estate
591 1446 651 1489 xvj
672 1443 705 1478 d.
750 1445 800 1478 Et
818 1446 987 1478 allocatur
1004 1445 1115 1478 eidem
1133 1456 1195 1488 per
1213 1444 1428 1489 empcionem
1446 1444 1547 1488 quin-

264 1526 434 1570 quaginta
459 1524 516 1558 sex
543 1536 738 1571 vangarum
763 1526 878 1569 precio
904 1527 942 1559 in
967 1529 1041 1558 toto
1067 1526 1105 1558 ix
1122 1528 1147 1558 ἔ.
1165 1526 1202 1570 iij
1222 1523 1256 1559 d.
1306 1524 1357 1559 Et
1378 1526 1545 1558 allocatur
1581 1514 1587 1518 ’

264 1607 374 1639 eidem
392 1607 429 1639 in
447 1603 591 1651 singulis
609 1603 764 1650 expenfis
784 1607 874 1640 circa
892 1606 1065 1639 facturam
1079 1606 1210 1640 W'arde
1225 1607 1267 1641 ad
1282 1607 1425 1640 veredos
1439 1617 1547 1650 prope

265 1691 405 1728 pratum
423 1687 465 1720 de
483 1687 668 1732 Drumboy
684 1698 762 1721 cum
781 1692 882 1730 porta
906 1692 941 1720 et
965 1688 1061 1720 clave
1083 1687 1195 1732 xxxiij
1216 1690 1240 1720 ἔ.
1259 1688 1294 1732 vj
1313 1685 1346 1720 d.
1396 1686 1448 1720 Et
1465 1688 1548 1720 allo—

266 1772 364 1799 eatur
378 1768 488 1800 eidem
508 1769 544 1801 in
558 1769 751 1802 vectionem
769 1769 946 1813 lignorum
966 1779 1029 1812 pro
1046 1767 1093 1801 lie
1109 1767 1276 1802 halwarlc
1294 1773 1328 1801 et
1345 1768 1547 1802 tabularum

267 1848 309 1880 ad
329 1848 419 1880 idem
439 1858 526 1890 opus
543 1858 605 1890 per
622 1852 760 1891 tempus
779 1850 930 1893 compoti
948 1851 985 1883 in
1002 1848 1146 1894 fingulis
1166 1847 1321 1893 expenfis
1339 1849 1426 1882 citra
1443 1847 1548 1882 servi-

266 2007 395 2040 factam
415 2007 439 2040 J
441 2008 570 2041 ohanni
588 2008 665 2041 Fod
683 2010 743 2054 unj
763 2009 969 2042 veredorum
993 2008 1125 2043 custodi
1143 2014 1177 2043 et
1195 2009 1355 2054 bigarum
1376 2008 1548 2054 guberna-

266 2089 332 2122 tori
351 2090 481 2133 capien.
501 2090 538 2123 in
556 2101 647 2124 anno
666 2090 753 2124 citra
773 2090 939 2124 ferrinam
963 2102 984 2124 a
1006 2091 1197 2136 graniterio
1219 2094 1394 2134 receptam
1417 2101 1438 2123 a
1460 2087 1546 2123 festo
