1837 2698
281 289 349 323 116
550 285 813 319 COMPOTUM
835 286 1061 317 MAGISTRI
1083 285 1276 317 FABRICE

277 403 349 430 tam
367 395 501 429 Thome
520 396 637 429 Sawer
663 395 814 440 Georgio
840 395 975 438 Bernys
993 400 1026 428 et
1043 393 1244 427 Alexandro
1261 393 1393 426 Catour
1417 391 1548 436 aurigis

277 478 376 510 dictis
403 476 482 509 Fud
510 481 543 509 et
573 476 723 508 Stewart
749 453 900 508 deficien.
924 487 945 508 a
971 476 1062 508 dicto
1087 471 1251 519 vigefimo
1275 473 1369 506 sexto
1396 472 1548 505 Novem-

277 557 347 590 bris
371 554 533 590 inclufive
559 557 735 589 conductis
762 557 798 588 in
824 556 970 588 eundem
996 556 1087 588 diem
1111 566 1201 587 anno
1230 555 1388 587 revoluto
1418 553 1546 595 capien.

276 636 421 680 quilibet
435 648 495 679 per
508 647 638 668 annum
652 636 907 680 quinquaginta
918 634 1041 668 solidos
1055 639 1088 667 et
1105 635 1258 667 modium
1277 633 1406 666 farrine
1424 633 1460 664 in
1477 630 1548 674 sep-

276 718 407 750 timana
420 716 539 760 xxxvij
557 719 580 749 ἔ.
596 717 630 760 vj
650 714 683 748 d.
733 715 782 749 Et
798 717 889 749 dicto
904 716 1038 748 Thome
1052 715 1170 748 Sawer
1187 726 1208 747 a
1220 712 1305 746 festo
1324 712 1440 745 Sancti
1455 711 1548 744 Mer-

275 797 339 829 tini
357 807 447 829 anno
466 802 523 829 *th
542 798 575 828 vc
593 796 667 840 xiiij
707 796 744 828 in
762 797 908 829 eundem
923 796 1014 828 diem
1032 806 1123 828 anno
1140 795 1298 827 revoluto
1316 794 1351 826 in
1366 792 1465 825 suum
1478 792 1548 824 feo-

275 877 359 910 dum
377 888 531 909 annuum
545 877 598 909 xl‘j
610 879 635 909 Ξ.
686 875 735 909 Et
759 877 927 909 allocatm·
945 876 1053 908 eidem
1081 886 1143 918 per
1160 875 1401 907 liberacionem
1419 873 1545 905 factam

275 957 435 990 lathomis
462 957 498 989 in
525 956 696 989 bibalibus
723 967 786 999 pro
811 954 1020 999 depositione
1046 955 1200 998 lapidum
1227 954 1421 996 primorum
1447 952 1546 995 super

274 1037 407 1070 duobus
432 1035 479 1069 lie
499 1035 707 1069 brandeiris
732 1035 785 1068 Ac
811 1047 874 1079 pro
896 1033 1111 1078 impositione
1128 1035 1234 1067 clauis
1255 1031 1301 1066 lie
1322 1032 1425 1076 pem]
1440 1032 1500 1076 xlij
1521 1035 1546 1064 ἔ,

273 1116 453 1150 Allocatur
475 1117 584 1149 eidem
608 1117 645 1149 in
671 1116 846 1159 empcione
870 1116 1015 1159 triginta
1036 1114 1144 1147 trium
1168 1112 1215 1146 lie
1238 1111 1414 1145 barrozeis
1432 1113 1546 1156 virga-

273 1207 349 1229 rum
369 1196 603 1229 confectarum
628 1207 691 1239 pro
710 1196 837 1238 lapillis
855 1195 1014 1239 gerendis
1032 1195 1121 1227 circa
1139 1205 1224 1237 opus
1242 1192 1364 1226 Pontis
1383 1203 1444 1235 per
1461 1197 1546 1225 tem-

273 1286 338 1319 pus
356 1277 505 1319 compoti
525 1277 572 1320 vij
593 1279 617 1309 ἔ.
636 1277 683 1320 vij
703 1274 736 1308 d.
787 1275 838 1308 Et
855 1276 891 1308 in
910 1276 1086 1318 empcione
1103 1275 1283 1308 duodecim
1303 1273 1350 1306 lie
1370 1272 1545 1307 barrowz‘s

273 1367 336 1399 pro
351 1356 503 1398 querella
515 1356 602 1399 xijm⁰
616 1355 638 1388 J
641 1356 774 1400 anuarij
792 1355 933 1388 confect.
951 1355 974 1399 ij
991 1358 1016 1389 ἔ.
1031 1335 1081 1400 iiij
1097 1354 1129 1388 d.
1180 1354 1230 1388 Et
1252 1356 1418 1388 allocatur
1435 1353 1544 1387 eidem

273 1446 333 1478 per
358 1435 601 1468 liberacionem
626 1435 753 1468 factam
772 1435 927 1468 Roberto
946 1435 1120 1479 Merl30ne
1145 1433 1240 1468 misso
1261 1436 1305 1467 ad
1330 1434 1455 1467 Pertht
1480 1444 1543 1477 pro

273 1515 435 1547 lathomis
453 1515 681 1548 conducendis
696 1516 719 1559 ij
741 1518 764 1547 ἒ.
816 1514 865 1547 Et
891 1516 1060 1548 allocatur
1085 1515 1195 1547 eidem
1220 1525 1281 1557 per
1304 1514 1542 1546 liberacionem

273 1596 398 1628 factam
424 1595 558 1628 Thome
576 1595 724 1638 lVrycht
750 1596 964 1638 carpentario
990 1596 1027 1627 in
1052 1595 1315 1637 complecionem
1340 1593 1477 1626 secundi
1496 1592 1542 1625 lie

277 1675 451 1709 brandez'r
468 1677 503 1708 in
522 1676 692 1709 bibalibus
707 1676 740 1719 vj
759 1673 793 1708 d.
843 1673 889 1708 Et
906 1673 1083 1708 forestario
1100 1676 1141 1707 de
1159 1675 1303 1707 Murtlie
1320 1675 1356 1706 in
1370 1673 1542 1707 bibalibus

274 1757 332 1800 xvj
349 1754 381 1789 d.
432 1755 482 1788 Et
501 1756 602 1789 certis
620 1756 704 1788 viris
722 1755 958 1788 laborantibus
979 1766 1057 1787 cum
1079 1754 1216 1787 Thoma
1232 1753 1383 1797 Wrycht
1401 1754 1437 1786 in
1455 1754 1542 1786 silva

275 1838 316 1869 de
330 1835 474 1869 Murtlie
488 1847 551 1879 pro
565 1836 723 1868 cedendis
736 1836 840 1880 lignis
855 1835 897 1868 ad
910 1833 1094 1868 secundum
1110 1831 1155 1866 lie
1169 1831 1337 1866 brcmdeir
1353 1834 1413 1878 xvj
1429 1831 1462 1866 d.
1493 1833 1541 1866 Et

274 1917 441 1949 allocatur
468 1916 577 1949 eidem
602 1926 664 1959 per
685 1915 925 1948 liberacionem
946 1914 1072 1947 factam
1096 1914 1198 1947 certis
1221 1915 1305 1947 viris
1329 1914 1371 1946 de
1397 1913 1541 1946 Murtlie

276 1995 376 2029 Ester
393 1996 581 2029 Burnbane
598 1993 734 2028 &Vester
755 1995 943 2028 Burnbane
963 1995 1160 2039 Inchevyne
1178 1999 1213 2027 et
1229 1994 1316 2028 Litil
1333 1993 1538 2026 Dunkelden

274 2076 408 2109 trahen.
419 2082 453 2109 et
471 2076 591 2109 vehen.
609 2076 703 2120 ligna
716 2077 759 2108 ad
771 2074 954 2109 secundum
969 2074 1015 2108 lie
1035 2074 1209 2108 brandeir
1221 2086 1242 2108 a
1252 2073 1335 2108 filva
1348 2075 1389 2107 de
1401 2073 1540 2106 Murth-
