1837 2698
678 308 843 341 PONTIS
864 308 1227 340 DUNKELDENSIS.
1492 315 1510 345 1
1518 315 1534 346 1
1541 316 1561 349 7

286 418 330 451 lie
348 423 382 451 et
400 416 472 451 Tor
489 429 528 451 ac
547 416 594 451 lie
605 416 740 451 Reilsis
759 419 818 464 viij
839 421 863 451 ἕ.
882 419 918 464 iij
939 416 971 451 d.
1023 418 1071 452 Et
1088 419 1256 452 allocatur
1270 419 1481 461 compotanti
1500 429 1561 462 per

286 498 524 532 liberacionem
543 498 670 532 factam
684 498 707 531 J
709 499 814 533 acobo
831 499 964 533 Lokert
981 510 1059 532 cum
1077 498 1181 532 servis
1194 497 1263 532 suis
1282 498 1508 533 existentibus
1523 500 1559 533 in

284 581 438 623 querella
453 578 543 613 laffis
561 592 624 624 pro
642 581 871 614 inundacione
889 592 1058 625 aquarum
1077 581 1114 613 in
1132 581 1353 625 refrigerium
1370 581 1418 625 xij
1437 579 1470 614 d.
1510 581 1559 614 Et

285 661 452 694 allocatur
469 662 579 694 eidem
602 673 664 705 per
686 661 927 695 liberacionem
945 661 1072 694 factam
1091 661 1226 694 Thome
1244 660 1393 705 WVrycht
1419 673 1559 705 carpen-

284 742 372 774 tario
396 743 565 775 conducto
585 743 767 775 undecimo
785 743 840 775 die
863 739 986 775 mensis
1004 741 1138 785 Aprilis
1159 753 1250 775 anno
1268 747 1325 775 *tc*
1345 743 1379 774 vc
1397 743 1467 775 xv‘0
1479 753 1557 776 cum

283 822 343 855 suo
356 821 452 856 servo
466 822 596 856 Gilroif
609 823 651 855 ad
666 833 752 866 opus
767 822 894 856 fabrice
910 822 1031 856 Pontis
1045 833 1114 866 quo
1132 823 1175 855 ad
1187 822 1435 856 confectionem
1452 824 1556 857 unius

283 914 381 936 arcus
405 904 564 946 iucipien.
583 904 627 936 ad
651 902 698 936 lie
721 901 887 936 bulwark
912 914 975 946 pro
998 904 1113 936 decem
1131 903 1228 936 libris
1246 914 1270 936 x
1287 904 1322 936 li.
1373 903 1423 936 Et
1446 904 1556 937 eidem

281 996 343 1028 pro
361 985 571 1018 confectione
589 984 725 1018 secundi
744 982 792 1017 lie
813 983 988 1018 bramlez'r
1005 995 1096 1018 anno
1114 985 1264 1027 compoti
1288 988 1322 1017 et
1345 982 1555 1028 depositione

280 1064 430 1110 ejusdem
449 1067 486 1099 in
503 1066 620 1099 debito
637 1066 710 1098 loco
724 1076 747 1098 v
764 1066 798 1098 li.
818 1066 851 1110 vj
868 1069 892 1099 ἔ.
911 1066 972 1110 viij
991 1064 1025 1099 d.
1075 1064 1126 1098 Et
1139 1065 1250 1098 eidem
1268 1076 1331 1109 pro
1345 1066 1554 1099 correctione

281 1147 392 1180 cimbe
409 1147 535 1190 lapidie
554 1147 595 1179 de
614 1146 764 1190 Capetht
780 1157 803 1179 x
821 1149 846 1179 ἓ.
908 1146 957 1180 Et
976 1158 1038 1190 pro
1053 1146 1210 1180 bitimine
1230 1146 1274 1180 ad
1292 1147 1435 1180 eandem
1453 1147 1502 1191 xij
1522 1145 1555 1180 d.

282 1226 331 1260 Et
349 1228 515 1260 allocatur
534 1227 643 1260 eidem
662 1237 724 1270 per
741 1227 981 1260 liberacionem
1000 1227 1128 1260 factam
1143 1227 1235 1260 dicto
1254 1226 1389 1260 Thome
1403 1226 1555 1271 WVrycht

280 1308 316 1340 iu
333 1305 458 1340 receffu
471 1308 514 1341 ab
527 1318 629 1351 opere
643 1318 685 1340 ex
703 1307 869 1341 mandato
882 1307 1013 1341 Decani
1025 1308 1145 1341 vicarii
1159 1308 1329 1353 generalis
1347 1309 1384 1341 in
1403 1306 1450 1341 lie
1471 1306 1556 1341 bon-

282 1392 343 1433 tags
361 1387 413 1421 xltj
427 1391 451 1421 ἔ.
503 1388 552 1422 Et
569 1386 666 1423 servo
684 1388 814 1422 Gilroif
833 1389 870 1421 in
890 1387 936 1421 lie
957 1387 1091 1433 bonfay
1108 1388 1145 1432 iij
1166 1391 1190 1421 ἕ.
1241 1387 1291 1422 Et
1308 1389 1400 1422 dicto
1419 1389 1554 1423 Thome

279 1480 341 1512 pro
353 1480 454 1513 opere
464 1468 515 1502 sui
527 1468 615 1503 servi
626 1469 756 1503 Gilroif
766 1474 920 1513 tempore
934 1469 1183 1513 purificationis
1197 1467 1384 1503 beatiffime
1394 1469 1552 1515 Virginis

280 1549 391 1583 Marie
412 1554 492 1583 ante
513 1550 696 1583 introitum
718 1550 948 1593 compotantis
966 1550 1008 1582 ad
1027 1550 1158 1583 dictum
1182 1549 1330 1583 officium
1349 1551 1438 1583 circa
1460 1550 1555 1584 labo-

278 1641 350 1663 rem
368 1631 503 1674 antiqui
516 1628 563 1664 lie
578 1628 750 1664 hrancleir
766 1631 800 1676 vj
818 1633 843 1664 ἔ.
894 1630 943 1664 Et
961 1631 1129 1664 allocatur
1150 1631 1261 1663 eidem
1282 1630 1318 1663 in
1337 1631 1551 1674 empcionem

278 1711 477 1755 octuaginta
497 1715 574 1744 octo
594 1711 787 1744 celdrarum
805 1711 905 1744 calcis
929 1722 990 1755 per
1006 1716 1144 1755 tempus
1162 1711 1312 1755 compoti
1331 1722 1409 1744 cum
1427 1709 1473 1744 lie
1491 1721 1554 1744 un-

278 1789 373 1834 cqstis
389 1791 432 1824 ad
450 1790 575 1824 Pertht
588 1802 609 1824 a
621 1792 694 1825 loco
712 1789 957 1825 combustionis
975 1790 1128 1836 ejusdem
1146 1792 1197 1836 liij
1217 1792 1252 1824 li.
1270 1791 1332 1836 xiij
1353 1794 1377 1824 ἔ.
1394 1802 1419 1824 x
1431 1789 1463 1824 d.
1502 1791 1551 1825 Et

277 1871 444 1903 allocatur
461 1871 571 1904 eidem
593 1882 654 1915 per
671 1871 912 1905 liberacionem
929 1871 1057 1905 factam
1077 1872 1293 1916 noningintis
1313 1872 1550 1917 quadraginta

276 1951 404 1995 septem
426 1953 523 1996 equis
541 1953 718 1986 conductis
740 1963 760 1985 a
785 1952 910 1986 Pertht
935 1953 980 1986 ad
1005 1952 1238 1986 Dounkelden
1263 1964 1327 1997 pro
1351 1954 1549 1997 portacione

276 2032 473 2077 hujusmodi
492 2033 592 2066 calcis
606 2033 702 2078 xxvij
716 2034 752 2067 li.
767 2033 814 2078 vij
835 2035 860 2066 ἔ.
876 2044 899 2066 v
915 2031 947 2066 d.
1001 2032 1051 2066 Et
1065 2034 1234 2067 allocatur
1251 2034 1361 2067 eidem
1376 2044 1436 2077 per
1446 2033 1549 2067 liber-

275 2114 427 2147 acionem
454 2114 581 2147 factam
612 2114 768 2147 ducentis
795 2115 995 2159 octuaginta
1022 2112 1200 2147 tresdecim
1229 2115 1326 2158 equis
1355 2115 1547 2148 communis

896 2203 921 2230 Q
