1837 2698
396 295 533 326 VITAE
555 295 881 328 EPISCOPORUM
901 293 1306 326 DUNKELDENSIUM.
1439 298 1485 329 45

217 405 381 439 tientibus
400 405 626 449 prebendario
650 406 692 438 de
717 404 831 449 Alyth
849 410 883 438 et
900 405 1086 448 capellanO,
1104 404 1140 436 in
1158 404 1249 437 dieta
1267 403 1396 446 capella
1413 413 1488 446 per-

217 490 359 530 petuum
377 485 458 519 fecit
475 487 690 529 capellanum
708 486 862 529 quotidie
880 485 1143 523 celebraturum,
1158 484 1421 529 adjutoremque
1438 483 1490 515 vi-

217 567 299 600 carii
317 564 523 610 penfionarii
542 567 632 600 cirea
650 567 846 599 animarum
863 577 981 599 curam
1000 570 1034 598 et
1051 564 1206 604 salutem,
1224 561 1399 609 affignatis
1413 563 1489 596 ideo

217 646 277 681 fibi
291 648 392 681 dictis
406 648 507 680 terris
522 648 563 680 de
578 647 829 691 Buchquhane,
844 651 878 680 et
891 647 1078 680 earundem
1092 646 1233 679 decimis
1246 645 1487 688 praedialibus,

216 727 449 771 personalibus
473 733 507 762 et
524 726 691 761 universis
714 728 802 766 aliis,
826 728 924 772 cujus
942 727 1109 771 capellani
1130 726 1393 759 modificationis
1410 725 1489 758 fun-

217 810 311 842 datio
328 808 471 853 desuper
488 809 578 842 facta
596 809 639 842 ad
658 810 800 853 longum
820 806 975 842 testatur.

265 969 314 1004 Et
327 971 406 1004 licet
423 970 644 1003 inimicorum
662 966 817 1002 ecclefiae
831 968 951 1002 litibus
965 972 1162 1012 occupatus,
1177 972 1211 1001 et
1226 973 1397 1001 terrarum
1412 979 1490 1001 con-

216 1050 351 1095 questui
369 1051 581 1089 intendebat,
595 1051 752 1084 decorem
771 1047 926 1083 ecclesiae
944 1060 1026 1083 suae
1040 1049 1186 1082 interius
1203 1049 1345 1082 minime
1363 1049 1490 1082 oblitus

217 1136 278 1166 est.
329 1132 449 1165 Primo
467 1143 592 1175 cappas
610 1130 731 1164 sericas
749 1131 889 1170 multas,
907 1130 1004 1164 binas
1027 1134 1061 1163 et
1084 1130 1182 1163 binas
1201 1131 1311 1163 colore
1329 1130 1491 1163 concord-

217 1218 324 1252 antes,
343 1210 498 1246 ecclefiae
524 1212 603 1246 suae
628 1213 794 1251 donavit3
823 1217 892 1245 tres
919 1212 960 1244 de
987 1222 1071 1244 auro
1097 1215 1217 1250 text03
1245 1209 1392 1243 casulam
1410 1221 1487 1243 cum

216 1295 401 1327 dalmatica
418 1294 548 1332 tunica,
566 1293 652 1326 albis
671 1292 775 1332 stolis,
801 1298 836 1326 et
861 1293 1003 1325 caeteris
1029 1291 1283 1335 pertinentibus
1309 1292 1350 1324 de
1376 1302 1490 1335 panno

216 1375 294 1408 albo
311 1378 494 1408 aurotexto
509 1385 518 1414 ;
545 1379 579 1407 et
596 1372 720 1407 ssmiles
738 1385 799 1417 per
816 1374 931 1407 omnia
949 1374 991 1406 de
1008 1373 1124 1406 blovio
1141 1373 1253 1406 colore
1266 1376 1466 1406 aurotextas
1481 1382 1490 1412 ;

216 1455 477 1489 tabernaculum
495 1455 620 1499 majori
638 1456 739 1488 altari
755 1465 763 1494 3
791 1455 1000 1499 anagogium
1019 1465 1163 1487 aeneum
1182 1453 1489 1497 quadripartitum,

219 1535 511 1581 evangelistarum
530 1536 659 1580 figuras
677 1540 838 1579 quatuor,
861 1535 1023 1568 ambones
1044 1533 1227 1579 gestantes,
1245 1533 1346 1577 super
1366 1533 1492 1578 quibus

217 1614 358 1650 vicissim
372 1617 509 1650 canitur
520 1617 860 1661 evangeliu1n,prout
872 1614 1100 1661 evangelistae
1112 1615 1329 1654 intitulatum
1345 1614 1491 1660 figuram

218 1695 330 1741 Moyfi
344 1709 484 1731 aeneam
503 1697 685 1731 ambonem
704 1697 855 1730 brachiis
874 1700 1060 1735 tenentem,
1073 1700 1108 1729 et
1125 1696 1169 1728 ad
1184 1700 1320 1740 tergum
1340 1695 1494 1729 candela-

218 1777 317 1810 brum
343 1789 486 1811 aeneum
505 1779 733 1822 tripartitum.
786 1776 994 1821 Supersellia
1010 1775 1186 1810 stallorum
1207 1777 1302 1809 chori
1326 1776 1492 1819 depinxit.

217 1859 348 1891 Solium
367 1857 501 1892 sanctae
515 1860 636 1898 crucis,
650 1869 728 1892 cum
743 1858 912 1891 altaribus
927 1859 1087 1891 divorum
1102 1857 1283 1890 Michaelis
1297 1860 1332 1889 et
1346 1856 1492 1889 Martini

217 1939 381 1983 chorique
388 1939 714 1977 cancellis‚totaliter
725 1950 814 1972 nova
826 1938 916 1971 fecit.
930 1935 1177 1982 Apostolorum
1186 1937 1365 1982 ymagines
1376 1935 1493 1980 sculpi,

217 2025 251 2053 et
269 2021 480 2064 reliquorum
492 2019 687 2053 sanctorum
702 2025 782 2052 ante
796 2024 829 2052 et
841 2024 933 2052 retro
948 2019 1088 2062 depingi
1103 2028 1111 2058 ;
1138 2028 1260 2063 regum
1275 2022 1309 2050 et
1323 2017 1491 2051 nobilium

217 2098 372 2135 ecclefiae
390 2100 646 2135 benefactorum
666 2099 970 2144 episcoporumque
988 2099 1169 2144 ymagines
1190 2109 1210 2131 a
1228 2102 1327 2143 tergo
1344 2099 1494 2142 depicto-
