1837 2698
366 315 505 347 VITAE
528 315 861 348 EPISCOPORUM
883 314 1293 347 DUNKELDENSIUM.
1429 319 1475 352 37

196 425 315 464 tutela,
341 436 383 458 ex
409 424 614 460 testamento
640 430 795 470 paterno,
821 423 871 460 est
896 427 1055 471 legatus;
1085 430 1119 459 et
1145 436 1189 459 ex
1215 423 1357 458 adverso
1374 424 1475 458 dictis

196 505 326 540 Jacobo
349 511 384 540 et
408 506 552 541 Andrea
578 506 802 552 personaliter
827 519 888 551 per
905 506 1051 551 seipsos3
1080 510 1114 540 et
1140 507 1290 540 finaliter
1315 507 1352 539 in
1378 504 1478 538 causa

196 586 302 631 usque
320 589 364 621 ad
381 587 585 622 sententiam
606 589 825 622 diffinitivam
838 586 1002 622 inclufive
1020 586 1208 633 processum
1224 586 1283 627 est,
1298 588 1387 620 utin
1401 598 1479 630 pro-

198 652 286 703 cessii
304 681 418 703 coram
437 671 485 704 eis
504 671 663 710 deducto,
681 682 758 704 mea
780 681 887 704 manu
905 671 1061 704 totaliter
1077 669 1214 714 scripto,
1229 675 1263 703 et
1281 670 1317 702 in
1335 666 1481 714 registro

198 748 354 784 ecclefiae
368 749 514 790 servato,
529 752 666 795 plenius
680 752 888 785 continetur.
923 752 1050 785 Mediis
1069 757 1185 784 tamen
1199 751 1406 784 venerabilis
1424 761 1485 794 pa-

204 832 268 865 tris
295 831 479 865 Laurentii
506 832 640 866 abbatis
667 831 803 866 Insulae
829 830 1021 871 Missarum,
1052 832 1114 865 filii
1141 831 1325 865 Laurentii
1351 831 1483 864 domini

202 912 372 956 Oliphant
391 911 504 958 (cujus
529 924 635 957 nepos
653 914 766 946 dictus
784 911 944 946 Andreas
963 924 1005 946 ex
1022 911 1136 946 sorore
1153 913 1247 957 fuit‚)
1266 911 1315 946 est
1336 911 1486 946 transac-

200 998 287 1032 tum,
306 998 340 1026 et
358 994 394 1026 in
408 992 507 1027 causa
521 995 779 1034 concordatum,
791 999 831 1028 ut
845 995 927 1028 dicti
942 993 1102 1028 Andreas
1120 998 1154 1028 et
1171 993 1194 1027 J
1196 995 1333 1034 acobus,
1351 1006 1486 1028 necnon

201 1073 380 1108 Johannes
399 1074 560 1114 Stewart,
582 1080 748 1119 tanquam
768 1076 867 1109 heres
886 1077 1008 1120 patris,
1032 1087 1096 1120 pro
1113 1087 1183 1120 quo
1201 1077 1273 1109 lata
1291 1074 1339 1109 est
1356 1075 1486 1109 senten-

202 1156 263 1195 tia,
291 1167 409 1189 omnes
436 1155 636 1202 hujusmodi
667 1161 777 1190 terras
808 1158 846 1190 in
873 1168 981 1190 manu
1011 1157 1119 1203 Regis
1146 1158 1278 1191 domini
1304 1157 1489 1201 superioris

206 1237 394 1270 earundem
411 1235 637 1282 refignarent,
661 1239 698 1272 in
716 1238 871 1272 favorem
890 1239 973 1272 dicti
992 1238 1135 1284 Georgii
1156 1244 1190 1272 et
1211 1236 1367 1272 ecclesiae
1390 1238 1490 1272 suae:

209 1322 243 1350 et
260 1323 453 1362 propterea,
472 1319 515 1352 ad
534 1319 763 1353 dirimendam
783 1331 920 1353 omnem
939 1321 1035 1354 litem
1053 1321 1090 1353 in
1108 1320 1280 1360 futurum,
1299 1320 1399 1354 dictis
1417 1320 1492 1353 An-

205 1400 307 1432 dreae
325 1404 360 1433 et
376 1399 399 1432 J
402 1399 517 1439 acobo‚
535 1401 571 1433 in
590 1400 690 1434 feodo
708 1406 742 1434 et
760 1401 1090 1442 libere-tenemento,
1109 1402 1201 1435 idem
1224 1402 1394 1446 pontifex,
1412 1413 1492 1436 con-

206 1478 373 1513 sentiente
392 1482 555 1524 capitulo,
578 1482 673 1515 dedit
695 1486 805 1516 terras
827 1483 1050 1517 dominicales
1070 1484 1111 1517 de
1135 1483 1270 1529 Megill,
1288 1483 1350 1517 sub
1376 1495 1492 1518 rever-

206 1559 297 1594 fione
315 1562 651 1607 quadringentarum
670 1574 865 1597 mercarum
881 1574 890 1603 3
918 1576 1007 1608 quas
1025 1569 1136 1599 terras
1154 1564 1272 1609 postea
1289 1566 1381 1599 idem
1399 1577 1495 1599 reve-

208 1644 336 1677 rendus
362 1648 461 1687 pater
483 1645 641 1685 redemit,
659 1645 741 1678 data
760 1646 822 1679 illa
844 1647 1002 1689 pecunia,
1028 1644 1212 1691 postquam
1233 1648 1324 1681 idem
1343 1647 1494 1681 Jacobus

208 1729 242 1758 et
259 1724 419 1758 Andreas
437 1731 546 1759 terras
571 1726 615 1759 ad
635 1727 915 1771 quinquennium
936 1725 1159 1771 pofl'ediss'ent.
1211 1729 1316 1762 Dicto
1337 1728 1492 1762 Johanni

212 1805 363 1839 Stewart
380 1817 443 1849 pro
456 1806 537 1851 jure
554 1806 626 1846 suo,
644 1808 737 1851 quod
757 1808 923 1853 pinguius
941 1813 1026 1848 erat,
1047 1814 1122 1842 tum
1141 1810 1225 1853 quia
1243 1810 1364 1843 haeres
1384 1811 1495 1854 patris

210 1892 243 1920 et
263 1887 299 1919 in
317 1887 391 1931 ejus
410 1887 564 1920 favorem
583 1892 704 1922 contra
721 1889 896 1932 praefatos
914 1889 937 1923 J
939 1890 1084 1923 acobum
1103 1895 1137 1924 et
1155 1890 1346 1931 Amlream,
1361 1892 1431 1925 lata
1446 1890 1495 1925 est

211 1968 379 2001 sententia
397 1968 552 2013 superius
570 1975 848 2010 commemorata,
867 1972 962 2005 dedit
976 1976 1084 2005 terras
1103 1973 1145 2005 de
1159 1972 1283 2017 Clony,
1301 1973 1495 2020 Concragy,

211 2047 440 2089 Adamstoun,
465 2049 719 2091 Burroustoun,
743 2057 777 2086 et
803 2052 993 2097 Myltoun3
1021 2053 1078 2087 sed
1100 2055 1184 2098 quia
1203 2056 1296 2089 idem
1317 2055 1496 2091 Johannes

212 2131 454 2166 murmurabat
477 2130 538 2166 fibi
561 2131 748 2167 secundum
776 2139 991 2169 contractum
1018 2136 1110 2170 inter
1135 2148 1191 2170 eos
1218 2148 1288 2171 non
1312 2135 1376 2171 effe
1402 2137 1497 2172 satis-
