<?xml version="1.0" encoding="UTF-8"?>
<!DOCTYPE html PUBLIC "-//W3C//DTD XHTML 1.0 Transitional//EN"
    "http://www.w3.org/TR/xhtml1/DTD/xhtml1-transitional.dtd">
<html xmlns="http://www.w3.org/1999/xhtml" xml:lang="en" lang="en">
 <head>
  <title>
</title>
<meta http-equiv="Content-Type" content="text/html;charset=utf-8" />
  <meta name='ocr-system' content='tesseract 3.04.00' />
  <meta name='ocr-capabilities' content='ocr_page ocr_carea ocr_par ocr_line ocrx_word'/>
</head>
<body>
  <div class='ocr_page' id='page_1' title='image "./vitaedunkeldensi00myln_0125.png"; bbox 0 0 1837 2698; ppageno 0'>
   <div class='ocr_carea' id='block_1_1' title="bbox 636 296 1551 331">
    <p class='ocr_par' dir='ltr' id='par_1_1' title="bbox 636 296 1551 331">
     <span class='ocr_line' id='line_1_1' title="bbox 636 296 1551 331; baseline 0.004 -4"><span class='ocrx_word' id='word_1_1' title='bbox 636 296 800 328; x_wconf 85' lang='lat' dir='ltr'>PONTIS</span> <span class='ocrx_word' id='word_1_2' title='bbox 822 296 1185 329; x_wconf 86' lang='lat' dir='ltr'><strong>DUNKELDENSIS.</strong></span> <span class='ocrx_word' id='word_1_3' title='bbox 1485 301 1551 331; x_wconf 93' lang='grc'><strong>101</strong></span> 
     </span>
    </p>
   </div>
   <div class='ocr_carea' id='block_1_2' title="bbox 255 403 1553 2140">
    <p class='ocr_par' dir='ltr' id='par_1_2' title="bbox 255 403 1553 2140">
     <span class='ocr_line' id='line_1_2' title="bbox 276 403 1553 451; baseline -0.001 -13"><span class='ocrx_word' id='word_1_4' title='bbox 276 407 312 439; x_wconf 90' lang='lat' dir='ltr'><strong>in</strong></span> <span class='ocrx_word' id='word_1_5' title='bbox 334 416 432 450; x_wconf 87' lang='lat' dir='ltr'><strong>yeme</strong></span> <span class='ocrx_word' id='word_1_6' title='bbox 450 405 532 438; x_wconf 87' lang='lat' dir='ltr'><strong>anni</strong></span> <span class='ocrx_word' id='word_1_7' title='bbox 552 410 609 439; x_wconf 47' lang='lat' dir='ltr'><strong>*tc*</strong></span> <span class='ocrx_word' id='word_1_8' title='bbox 628 408 662 439; x_wconf 83' lang='lat' dir='ltr'><strong>vc</strong></span> <span class='ocrx_word' id='word_1_9' title='bbox 680 407 741 451; x_wconf 80' lang='lat' dir='ltr'><strong>xiij</strong></span> <span class='ocrx_word' id='word_1_10' title='bbox 765 407 802 440; x_wconf 93' lang='lat' dir='ltr'><strong>in</strong></span> <span class='ocrx_word' id='word_1_11' title='bbox 824 407 1027 450; x_wconf 87' lang='lat' dir='ltr'><strong>completam</strong></span> <span class='ocrx_word' id='word_1_12' title='bbox 1051 405 1257 440; x_wconf 86' lang='lat' dir='ltr'>solucionem</span> <span class='ocrx_word' id='word_1_13' title='bbox 1275 410 1310 439; x_wconf 84' lang='lat' dir='ltr'><strong>et</strong></span> <span class='ocrx_word' id='word_1_14' title='bbox 1326 416 1390 449; x_wconf 85' lang='lat' dir='ltr'><strong>pro</strong></span> <span class='ocrx_word' id='word_1_15' title='bbox 1408 403 1553 438; x_wconf 88' lang='lat' dir='ltr'><strong>instruc-</strong></span> 
     </span>
     <span class='ocr_line' id='line_1_3' title="bbox 274 484 1552 532; baseline -0.001 -13"><span class='ocrx_word' id='word_1_16' title='bbox 274 487 367 520; x_wconf 87' lang='lat' dir='ltr'><strong>tione</strong></span> <span class='ocrx_word' id='word_1_17' title='bbox 389 486 426 519; x_wconf 90' lang='lat' dir='ltr'><strong>in</strong></span> <span class='ocrx_word' id='word_1_18' title='bbox 448 491 522 520; x_wconf 85' lang='lat' dir='ltr'><strong>arte</strong></span> <span class='ocrx_word' id='word_1_19' title='bbox 543 485 631 520; x_wconf 87' lang='lat' dir='ltr'><strong>sual</strong></span> <span class='ocrx_word' id='word_1_20' title='bbox 650 490 674 520; x_wconf 69' lang='grc' dir='ltr'><strong>ἔ.</strong></span> <span class='ocrx_word' id='word_1_21' title='bbox 695 488 755 532; x_wconf 84' lang='lat' dir='ltr'><strong>viij</strong></span> <span class='ocrx_word' id='word_1_22' title='bbox 775 485 808 520; x_wconf 85' lang='lat' dir='ltr'><strong>d.</strong></span> <span class='ocrx_word' id='word_1_23' title='bbox 859 487 908 520; x_wconf 87' lang='lat' dir='ltr'><strong>Et</strong></span> <span class='ocrx_word' id='word_1_24' title='bbox 934 488 1102 521; x_wconf 82' lang='lat' dir='ltr'><strong>allocatur</strong></span> <span class='ocrx_word' id='word_1_25' title='bbox 1127 488 1237 520; x_wconf 89' lang='lat' dir='ltr'><strong>eidem</strong></span> <span class='ocrx_word' id='word_1_26' title='bbox 1263 487 1299 520; x_wconf 92' lang='lat' dir='ltr'><strong>in</strong></span> <span class='ocrx_word' id='word_1_27' title='bbox 1327 484 1469 531; x_wconf 84' lang='lat' dir='ltr'><strong>singulis</strong></span> <span class='ocrx_word' id='word_1_28' title='bbox 1495 496 1552 518; x_wconf 84' lang='lat' dir='ltr'><strong>ex-</strong></span> 
     </span>
     <span class='ocr_line' id='line_1_4' title="bbox 271 565 1551 612; baseline -0.001 -12"><span class='ocrx_word' id='word_1_29' title='bbox 271 565 382 610; x_wconf 88' lang='lat' dir='ltr'><strong>penfis</strong></span> <span class='ocrx_word' id='word_1_30' title='bbox 402 568 529 612; x_wconf 85' lang='lat' dir='ltr'><strong>quibus</strong></span> <span class='ocrx_word' id='word_1_31' title='bbox 552 579 639 612; x_wconf 86' lang='lat' dir='ltr'><strong>opus</strong></span> <span class='ocrx_word' id='word_1_32' title='bbox 660 573 735 602; x_wconf 89' lang='lat' dir='ltr'><strong>erat</strong></span> <span class='ocrx_word' id='word_1_33' title='bbox 758 567 940 602; x_wconf 67' lang='lat' dir='ltr'><strong>debui-sare</strong></span> <span class='ocrx_word' id='word_1_34' title='bbox 963 569 1126 611; x_wconf 84' lang='lat' dir='ltr'><strong>pecunias</strong></span> <span class='ocrx_word' id='word_1_35' title='bbox 1149 568 1239 601; x_wconf 83' lang='lat' dir='ltr'><strong>circa</strong></span> <span class='ocrx_word' id='word_1_36' title='bbox 1261 566 1551 601; x_wconf 84' lang='lat' dir='ltr'><strong>constructionem</strong></span> 
     </span>
     <span class='ocr_line' id='line_1_5' title="bbox 271 646 1550 694; baseline 0 -13"><span class='ocrx_word' id='word_1_37' title='bbox 271 647 343 682; x_wconf 78' lang='lat' dir='ltr'><strong>ea1e</strong></span> <span class='ocrx_word' id='word_1_38' title='bbox 366 646 413 682; x_wconf 80' lang='lat' dir='ltr'><strong>lie</strong></span> <span class='ocrx_word' id='word_1_39' title='bbox 435 646 526 694; x_wconf 70' lang='lat' dir='ltr'><strong>luge</strong></span> <span class='ocrx_word' id='word_1_40' title='bbox 549 650 784 683; x_wconf 83' lang='lat' dir='ltr'>lathomorum</span> <span class='ocrx_word' id='word_1_41' title='bbox 802 650 836 694; x_wconf 90' lang='lat' dir='ltr'><strong>vj</strong></span> <span class='ocrx_word' id='word_1_42' title='bbox 857 650 892 682; x_wconf 84' lang='lat' dir='ltr'><strong>li.</strong></span> <span class='ocrx_word' id='word_1_43' title='bbox 910 649 958 694; x_wconf 88' lang='lat' dir='ltr'><strong>xij</strong></span> <span class='ocrx_word' id='word_1_44' title='bbox 979 651 1004 682; x_wconf 72' lang='grc' dir='ltr'><strong>ἔ.</strong></span> <span class='ocrx_word' id='word_1_45' title='bbox 1023 650 1070 693; x_wconf 87' lang='lat' dir='ltr'><strong>vij</strong></span> <span class='ocrx_word' id='word_1_46' title='bbox 1090 646 1123 682; x_wconf 79' lang='lat' dir='ltr'><strong>d.</strong></span> <span class='ocrx_word' id='word_1_47' title='bbox 1174 648 1224 682; x_wconf 83' lang='lat' dir='ltr'><strong>Et</strong></span> <span class='ocrx_word' id='word_1_48' title='bbox 1247 649 1415 682; x_wconf 80' lang='lat' dir='ltr'><strong>allocatur</strong></span> <span class='ocrx_word' id='word_1_49' title='bbox 1440 648 1550 681; x_wconf 89' lang='lat' dir='ltr'><strong>eidem</strong></span> 
     </span>
     <span class='ocr_line' id='line_1_6' title="bbox 270 729 1550 773; baseline 0.002 -12"><span class='ocrx_word' id='word_1_50' title='bbox 270 740 332 772; x_wconf 81' lang='lat' dir='ltr'><strong>per</strong></span> <span class='ocrx_word' id='word_1_51' title='bbox 357 729 597 763; x_wconf 84' lang='lat' dir='ltr'><strong>liberacionem</strong></span> <span class='ocrx_word' id='word_1_52' title='bbox 630 729 757 763; x_wconf 85' lang='lat' dir='ltr'><strong>factam</strong></span> <span class='ocrx_word' id='word_1_53' title='bbox 783 729 1010 763; x_wconf 86' lang='lat' dir='ltr'><strong>servientibus</strong></span> <span class='ocrx_word' id='word_1_54' title='bbox 1038 730 1074 762; x_wconf 87' lang='lat' dir='ltr'><strong>in</strong></span> <span class='ocrx_word' id='word_1_55' title='bbox 1100 730 1261 773; x_wconf 86' lang='lat' dir='ltr'><strong>lapicidio</strong></span> <span class='ocrx_word' id='word_1_56' title='bbox 1287 730 1331 763; x_wconf 87' lang='lat' dir='ltr'><strong>ab</strong></span> <span class='ocrx_word' id='word_1_57' title='bbox 1356 730 1550 773; x_wconf 86' lang='lat' dir='ltr'><strong>inceptione</strong></span> 
     </span>
     <span class='ocr_line' id='line_1_7' title="bbox 269 808 1549 855; baseline 0.001 -13"><span class='ocrx_word' id='word_1_58' title='bbox 269 810 382 853; x_wconf 86' lang='lat' dir='ltr'><strong>operis</strong></span> <span class='ocrx_word' id='word_1_59' title='bbox 399 821 466 853; x_wconf 86' lang='lat' dir='ltr'><strong>que</strong></span> <span class='ocrx_word' id='word_1_60' title='bbox 481 809 549 843; x_wconf 87' lang='lat' dir='ltr'><strong>fuit</strong></span> <span class='ocrx_word' id='word_1_61' title='bbox 567 810 688 854; x_wconf 87' lang='lat' dir='ltr'><strong>vigilia</strong></span> <span class='ocrx_word' id='word_1_62' title='bbox 710 808 952 844; x_wconf 83' lang='lat' dir='ltr'><strong>Pentheeostes</strong></span> <span class='ocrx_word' id='word_1_63' title='bbox 975 809 1098 843; x_wconf 72' lang='lat' dir='ltr'><strong>mensis</strong></span> <span class='ocrx_word' id='word_1_64' title='bbox 1123 811 1210 855; x_wconf 83' lang='lat' dir='ltr'><strong>Maij</strong></span> <span class='ocrx_word' id='word_1_65' title='bbox 1236 811 1290 843; x_wconf 88' lang='lat' dir='ltr'><strong>die</strong></span> <span class='ocrx_word' id='word_1_66' title='bbox 1308 811 1440 843; x_wconf 90' lang='lat' dir='ltr'><strong>decimo</strong></span> <span class='ocrx_word' id='word_1_67' title='bbox 1458 821 1549 843; x_wconf 89' lang='lat' dir='ltr'><strong>nono</strong></span> 
     </span>
     <span class='ocr_line' id='line_1_8' title="bbox 268 889 1549 933; baseline 0 -11"><span class='ocrx_word' id='word_1_68' title='bbox 268 890 350 922; x_wconf 82' lang='lat' dir='ltr'><strong>anni</strong></span> <span class='ocrx_word' id='word_1_69' title='bbox 370 895 428 922; x_wconf 56' lang='lat' dir='ltr'><strong>&#39;ze‘</strong></span> <span class='ocrx_word' id='word_1_70' title='bbox 446 891 480 921; x_wconf 80' lang='lat' dir='ltr'><strong>vc</strong></span> <span class='ocrx_word' id='word_1_71' title='bbox 497 890 620 923; x_wconf 87' lang='lat' dir='ltr'><strong>decimi</strong></span> <span class='ocrx_word' id='word_1_72' title='bbox 638 890 675 922; x_wconf 92' lang='lat' dir='ltr'><strong>in</strong></span> <span class='ocrx_word' id='word_1_73' title='bbox 692 890 783 922; x_wconf 89' lang='lat' dir='ltr'><strong>diem</strong></span> <span class='ocrx_word' id='word_1_74' title='bbox 800 890 972 922; x_wconf 87' lang='lat' dir='ltr'><strong>decimum</strong></span> <span class='ocrx_word' id='word_1_75' title='bbox 991 890 1155 933; x_wconf 85' lang='lat' dir='ltr'><strong>quintum</strong></span> <span class='ocrx_word' id='word_1_76' title='bbox 1173 889 1374 922; x_wconf 83' lang='lat' dir='ltr'><strong>Decembris</strong></span> <span class='ocrx_word' id='word_1_77' title='bbox 1398 889 1549 933; x_wconf 86' lang='lat' dir='ltr'><strong>ejusdem</strong></span> 
     </span>
     <span class='ocr_line' id='line_1_9' title="bbox 267 969 1551 1013; baseline 0.001 -11"><span class='ocrx_word' id='word_1_78' title='bbox 267 970 349 1002; x_wconf 84' lang='lat' dir='ltr'><strong>anni</strong></span> <span class='ocrx_word' id='word_1_79' title='bbox 368 970 498 1013; x_wconf 88' lang='lat' dir='ltr'><strong>capien.</strong></span> <span class='ocrx_word' id='word_1_80' title='bbox 517 969 672 1013; x_wconf 85' lang='lat' dir='ltr'><strong>quolibet</strong></span> <span class='ocrx_word' id='word_1_81' title='bbox 689 970 727 1003; x_wconf 88' lang='lat' dir='ltr'><strong>in</strong></span> <span class='ocrx_word' id='word_1_82' title='bbox 744 969 934 1013; x_wconf 85' lang='lat' dir='ltr'><strong>septimana</strong></span> <span class='ocrx_word' id='word_1_83' title='bbox 957 970 1113 1003; x_wconf 88' lang='lat' dir='ltr'><strong>modium</strong></span> <span class='ocrx_word' id='word_1_84' title='bbox 1136 970 1266 1003; x_wconf 77' lang='lat' dir='ltr'><strong>farrine</strong></span> <span class='ocrx_word' id='word_1_85' title='bbox 1290 974 1324 1003; x_wconf 84' lang='lat' dir='ltr'><strong>et</strong></span> <span class='ocrx_word' id='word_1_86' title='bbox 1347 974 1424 1003; x_wconf 87' lang='lat' dir='ltr'><strong>octo</strong></span> <span class='ocrx_word' id='word_1_87' title='bbox 1448 971 1551 1003; x_wconf 88' lang='lat' dir='ltr'><strong>dena-</strong></span> 
     </span>
     <span class='ocr_line' id='line_1_10' title="bbox 265 1049 1550 1094; baseline 0 -11"><span class='ocrx_word' id='word_1_88' title='bbox 265 1050 334 1083; x_wconf 90' lang='lat' dir='ltr'><strong>rios</strong></span> <span class='ocrx_word' id='word_1_89' title='bbox 358 1054 494 1083; x_wconf 87' lang='lat' dir='ltr'><strong>monete</strong></span> <span class='ocrx_word' id='word_1_90' title='bbox 517 1055 558 1083; x_wconf 82' lang='lat' dir='ltr'><strong>ut</strong></span> <span class='ocrx_word' id='word_1_91' title='bbox 582 1054 678 1094; x_wconf 84' lang='lat' dir='ltr'><strong>patet</strong></span> <span class='ocrx_word' id='word_1_92' title='bbox 702 1051 739 1083; x_wconf 90' lang='lat' dir='ltr'><strong>in</strong></span> <span class='ocrx_word' id='word_1_93' title='bbox 762 1055 922 1094; x_wconf 86' lang='lat' dir='ltr'><strong>compoto</strong></span> <span class='ocrx_word' id='word_1_94' title='bbox 944 1049 1170 1094; x_wconf 84' lang='lat' dir='ltr'><strong>expensarum</strong></span> <span class='ocrx_word' id='word_1_95' title='bbox 1187 1050 1318 1084; x_wconf 76' lang='lat' dir='ltr'><strong>fari-ine</strong></span> <span class='ocrx_word' id='word_1_96' title='bbox 1335 1051 1471 1084; x_wconf 87' lang='lat' dir='ltr'><strong>reddito</strong></span> <span class='ocrx_word' id='word_1_97' title='bbox 1488 1062 1550 1094; x_wconf 86' lang='lat' dir='ltr'><strong>per</strong></span> 
     </span>
     <span class='ocr_line' id='line_1_11' title="bbox 264 1128 1546 1176; baseline 0.001 -13"><span class='ocrx_word' id='word_1_98' title='bbox 264 1128 475 1175; x_wconf 85' lang='lat' dir='ltr'><strong>Magistrum</strong></span> <span class='ocrx_word' id='word_1_99' title='bbox 508 1130 705 1164; x_wconf 84' lang='lat' dir='ltr'><strong>Johannem</strong></span> <span class='ocrx_word' id='word_1_100' title='bbox 740 1131 859 1164; x_wconf 84' lang='lat' dir='ltr'><strong>Lacok</strong></span> <span class='ocrx_word' id='word_1_101' title='bbox 889 1131 1121 1176; x_wconf 83' lang='lat' dir='ltr'><strong>graniterium</strong></span> <span class='ocrx_word' id='word_1_102' title='bbox 1150 1131 1284 1165; x_wconf 83' lang='lat' dir='ltr'><strong>allocat.</strong></span> <span class='ocrx_word' id='word_1_103' title='bbox 1315 1131 1395 1164; x_wconf 86' lang='lat' dir='ltr'><strong>ferr.</strong></span> <span class='ocrx_word' id='word_1_104' title='bbox 1425 1131 1546 1164; x_wconf 87' lang='lat' dir='ltr'><strong>facien.</strong></span> 
     </span>
     <span class='ocr_line' id='line_1_12' title="bbox 265 1209 1547 1257; baseline 0.002 -15"><span class='ocrx_word' id='word_1_105' title='bbox 265 1211 351 1243; x_wconf 87' lang='lat' dir='ltr'><strong>citra</strong></span> <span class='ocrx_word' id='word_1_106' title='bbox 368 1209 392 1242; x_wconf 88' lang='lat' dir='ltr'>J</span> <span class='ocrx_word' id='word_1_107' title='bbox 394 1210 567 1244; x_wconf 89' lang='lat' dir='ltr'><strong>ohannem</strong></span> <span class='ocrx_word' id='word_1_108' title='bbox 585 1211 786 1249; x_wconf 85' lang='lat' dir='ltr'><strong>Querreour</strong></span> <span class='ocrx_word' id='word_1_109' title='bbox 802 1211 825 1244; x_wconf 87' lang='lat' dir='ltr'><strong>J</strong></span> <span class='ocrx_word' id='word_1_110' title='bbox 827 1212 1000 1245; x_wconf 85' lang='lat' dir='ltr'><strong>ohannem</strong></span> <span class='ocrx_word' id='word_1_111' title='bbox 1018 1211 1121 1255; x_wconf 81' lang='lat' dir='ltr'><strong>Wiys</strong></span> <span class='ocrx_word' id='word_1_112' title='bbox 1145 1216 1180 1245; x_wconf 78' lang='lat' dir='ltr'><strong>et</strong></span> <span class='ocrx_word' id='word_1_113' title='bbox 1201 1212 1396 1246; x_wconf 87' lang='lat' dir='ltr'><strong>Robertum</strong></span> <span class='ocrx_word' id='word_1_114' title='bbox 1420 1212 1547 1257; x_wconf 86' lang='lat' dir='ltr'><strong>Smyth</strong></span> 
     </span>
     <span class='ocr_line' id='line_1_13' title="bbox 264 1288 1546 1338; baseline 0.003 -15"><span class='ocrx_word' id='word_1_115' title='bbox 264 1301 302 1323; x_wconf 87' lang='lat' dir='ltr'><strong>ac</strong></span> <span class='ocrx_word' id='word_1_116' title='bbox 325 1288 588 1325; x_wconf 87' lang='lat' dir='ltr'><strong>distructionem</strong></span> <span class='ocrx_word' id='word_1_117' title='bbox 613 1293 714 1337; x_wconf 82' lang='lat' dir='ltr'><strong>grani</strong></span> <span class='ocrx_word' id='word_1_118' title='bbox 742 1292 883 1338; x_wconf 84' lang='lat' dir='ltr'><strong>Georgii</strong></span> <span class='ocrx_word' id='word_1_119' title='bbox 913 1293 1032 1325; x_wconf 80' lang='lat' dir='ltr'><strong>Millar</strong></span> <span class='ocrx_word' id='word_1_120' title='bbox 1059 1297 1210 1336; x_wconf 84' lang='lat' dir='ltr'><strong>quatuor</strong></span> <span class='ocrx_word' id='word_1_121' title='bbox 1238 1293 1369 1326; x_wconf 87' lang='lat' dir='ltr'><strong>celdras</strong></span> <span class='ocrx_word' id='word_1_122' title='bbox 1397 1298 1431 1327; x_wconf 83' lang='lat' dir='ltr'><strong>et</strong></span> <span class='ocrx_word' id='word_1_123' title='bbox 1460 1295 1546 1327; x_wconf 85' lang='lat' dir='ltr'><strong>duas</strong></span> 
     </span>
     <span class='ocr_line' id='line_1_14' title="bbox 263 1370 1545 1417; baseline 0.003 -13"><span class='ocrx_word' id='word_1_124' title='bbox 263 1370 373 1405; x_wconf 83' lang='lat' dir='ltr'><strong>bonas</strong></span> <span class='ocrx_word' id='word_1_125' title='bbox 391 1370 521 1405; x_wconf 89' lang='lat' dir='ltr'><strong>farrine</strong></span> <span class='ocrx_word' id='word_1_126' title='bbox 539 1373 576 1405; x_wconf 85' lang='lat' dir='ltr'><strong>ix</strong></span> <span class='ocrx_word' id='word_1_127' title='bbox 594 1373 629 1405; x_wconf 89' lang='lat' dir='ltr'><strong>li.</strong></span> <span class='ocrx_word' id='word_1_128' title='bbox 647 1373 707 1417; x_wconf 82' lang='lat' dir='ltr'><strong>xvj</strong></span> <span class='ocrx_word' id='word_1_129' title='bbox 727 1370 761 1406; x_wconf 81' lang='lat' dir='ltr'><strong>d.</strong></span> <span class='ocrx_word' id='word_1_130' title='bbox 812 1372 862 1406; x_wconf 82' lang='lat' dir='ltr'><strong>Et</strong></span> <span class='ocrx_word' id='word_1_131' title='bbox 887 1374 1056 1407; x_wconf 86' lang='lat' dir='ltr'><strong>allocatur</strong></span> <span class='ocrx_word' id='word_1_132' title='bbox 1082 1374 1193 1407; x_wconf 84' lang='lat' dir='ltr'><strong>eidem</strong></span> <span class='ocrx_word' id='word_1_133' title='bbox 1218 1385 1280 1417; x_wconf 84' lang='lat' dir='ltr'><strong>per</strong></span> <span class='ocrx_word' id='word_1_134' title='bbox 1302 1374 1545 1408; x_wconf 83' lang='lat' dir='ltr'><strong>liberacionem</strong></span> 
     </span>
     <span class='ocr_line' id='line_1_15' title="bbox 263 1452 1545 1499; baseline 0.003 -14"><span class='ocrx_word' id='word_1_135' title='bbox 263 1452 388 1486; x_wconf 82' lang='lat' dir='ltr'><strong>factam</strong></span> <span class='ocrx_word' id='word_1_136' title='bbox 409 1452 545 1486; x_wconf 88' lang='lat' dir='ltr'><strong>Thome</strong></span> <span class='ocrx_word' id='word_1_137' title='bbox 563 1453 841 1499; x_wconf 85' lang='lat' dir='ltr'><strong>Fothringhame</strong></span> <span class='ocrx_word' id='word_1_138' title='bbox 860 1455 1012 1488; x_wconf 87' lang='lat' dir='ltr'><strong>venienti</strong></span> <span class='ocrx_word' id='word_1_139' title='bbox 1032 1455 1125 1498; x_wconf 86' lang='lat' dir='ltr'><strong>apud</strong></span> <span class='ocrx_word' id='word_1_140' title='bbox 1146 1454 1377 1489; x_wconf 87' lang='lat' dir='ltr'><strong>Dounkelden</strong></span> <span class='ocrx_word' id='word_1_141' title='bbox 1401 1457 1443 1489; x_wconf 82' lang='lat' dir='ltr'><strong>ad</strong></span> <span class='ocrx_word' id='word_1_142' title='bbox 1468 1454 1545 1489; x_wconf 86' lang='lat' dir='ltr'><strong>vifi-</strong></span> 
     </span>
     <span class='ocr_line' id='line_1_16' title="bbox 260 1532 1543 1579; baseline 0.003 -13"><span class='ocrx_word' id='word_1_143' title='bbox 260 1534 407 1566; x_wconf 88' lang='lat' dir='ltr'><strong>tandum</strong></span> <span class='ocrx_word' id='word_1_144' title='bbox 424 1533 591 1567; x_wconf 81' lang='lat' dir='ltr'><strong>fabricam</strong></span> <span class='ocrx_word' id='word_1_145' title='bbox 610 1535 726 1578; x_wconf 87' lang='lat' dir='ltr'><strong>pontis</strong></span> <span class='ocrx_word' id='word_1_146' title='bbox 744 1539 779 1567; x_wconf 87' lang='lat' dir='ltr'><strong>et</strong></span> <span class='ocrx_word' id='word_1_147' title='bbox 795 1545 859 1578; x_wconf 88' lang='lat' dir='ltr'><strong>pro</strong></span> <span class='ocrx_word' id='word_1_148' title='bbox 872 1533 932 1567; x_wconf 89' lang='lat' dir='ltr'><strong>suo</strong></span> <span class='ocrx_word' id='word_1_149' title='bbox 946 1532 1085 1568; x_wconf 87' lang='lat' dir='ltr'><strong>confilio</strong></span> <span class='ocrx_word' id='word_1_150' title='bbox 1103 1535 1192 1569; x_wconf 87' lang='lat' dir='ltr'><strong>circa</strong></span> <span class='ocrx_word' id='word_1_151' title='bbox 1210 1547 1298 1579; x_wconf 87' lang='lat' dir='ltr'><strong>opus</strong></span> <span class='ocrx_word' id='word_1_152' title='bbox 1316 1537 1353 1569; x_wconf 89' lang='lat' dir='ltr'><strong>in</strong></span> <span class='ocrx_word' id='word_1_153' title='bbox 1371 1536 1543 1570; x_wconf 84' lang='lat' dir='ltr'><strong>bibalibus</strong></span> 
     </span>
     <span class='ocr_line' id='line_1_17' title="bbox 259 1612 1543 1657; baseline 0.002 -10"><span class='ocrx_word' id='word_1_154' title='bbox 259 1619 293 1646; x_wconf 88' lang='lat' dir='ltr'><strong>et</strong></span> <span class='ocrx_word' id='word_1_155' title='bbox 311 1612 466 1657; x_wconf 75' lang='lat' dir='ltr'><strong>expensis</strong></span> <span class='ocrx_word' id='word_1_156' title='bbox 485 1614 622 1648; x_wconf 88' lang='lat' dir='ltr'><strong>absente</strong></span> <span class='ocrx_word' id='word_1_157' title='bbox 641 1615 782 1648; x_wconf 87' lang='lat' dir='ltr'><strong>domino</strong></span> <span class='ocrx_word' id='word_1_158' title='bbox 800 1619 834 1648; x_wconf 88' lang='lat' dir='ltr'><strong>et</strong></span> <span class='ocrx_word' id='word_1_159' title='bbox 852 1614 965 1648; x_wconf 90' lang='lat' dir='ltr'><strong>secum</strong></span> <span class='ocrx_word' id='word_1_160' title='bbox 983 1613 1124 1649; x_wconf 84' lang='lat' dir='ltr'><strong>existen.</strong></span> <span class='ocrx_word' id='word_1_161' title='bbox 1143 1615 1297 1650; x_wconf 84' lang='lat' dir='ltr'><strong>Patricio</strong></span> <span class='ocrx_word' id='word_1_162' title='bbox 1319 1615 1461 1650; x_wconf 84' lang='lat' dir='ltr'><strong>Masone</strong></span> <span class='ocrx_word' id='word_1_163' title='bbox 1478 1628 1502 1650; x_wconf 85' lang='lat' dir='ltr'>x</span> <span class='ocrx_word' id='word_1_164' title='bbox 1520 1621 1543 1650; x_wconf 66' lang='grc' dir='ltr'><strong>ἔ.</strong></span> 
     </span>
     <span class='ocr_line' id='line_1_18' title="bbox 257 1693 1541 1741; baseline 0.003 -14"><span class='ocrx_word' id='word_1_165' title='bbox 257 1693 307 1727; x_wconf 84' lang='lat' dir='ltr'><strong>Et</strong></span> <span class='ocrx_word' id='word_1_166' title='bbox 334 1696 501 1728; x_wconf 82' lang='lat' dir='ltr'><strong>allocatur</strong></span> <span class='ocrx_word' id='word_1_167' title='bbox 529 1696 641 1729; x_wconf 90' lang='lat' dir='ltr'><strong>eidem</strong></span> <span class='ocrx_word' id='word_1_168' title='bbox 668 1707 730 1739; x_wconf 86' lang='lat' dir='ltr'><strong>per</strong></span> <span class='ocrx_word' id='word_1_169' title='bbox 754 1696 997 1729; x_wconf 87' lang='lat' dir='ltr'><strong>liberacionem</strong></span> <span class='ocrx_word' id='word_1_170' title='bbox 1022 1696 1177 1730; x_wconf 87' lang='lat' dir='ltr'><strong>Johanni</strong></span> <span class='ocrx_word' id='word_1_171' title='bbox 1203 1696 1322 1741; x_wconf 52' lang='lat' dir='ltr'><strong>WViyse</strong></span> <span class='ocrx_word' id='word_1_172' title='bbox 1348 1696 1494 1741; x_wconf 65' lang='lat' dir='ltr'><strong>lapidide</strong></span> <span class='ocrx_word' id='word_1_173' title='bbox 1521 1710 1541 1731; x_wconf 89' lang='lat' dir='ltr'><strong>a</strong></span> 
     </span>
     <span class='ocr_line' id='line_1_19' title="bbox 258 1772 1542 1822; baseline 0.003 -15"><span class='ocrx_word' id='word_1_174' title='bbox 258 1772 424 1819; x_wconf 76' lang='lat' dir='ltr'><strong>vigesimo</strong></span> <span class='ocrx_word' id='word_1_175' title='bbox 449 1776 574 1819; x_wconf 86' lang='lat' dir='ltr'><strong>quinto</strong></span> <span class='ocrx_word' id='word_1_176' title='bbox 599 1775 699 1809; x_wconf 85' lang='lat' dir='ltr'><strong>Junii</strong></span> <span class='ocrx_word' id='word_1_177' title='bbox 725 1777 763 1809; x_wconf 88' lang='lat' dir='ltr'><strong>in</strong></span> <span class='ocrx_word' id='word_1_178' title='bbox 789 1787 880 1809; x_wconf 89' lang='lat' dir='ltr'><strong>anno</strong></span> <span class='ocrx_word' id='word_1_179' title='bbox 907 1776 1039 1809; x_wconf 90' lang='lat' dir='ltr'><strong>domini</strong></span> <span class='ocrx_word' id='word_1_180' title='bbox 1065 1774 1245 1811; x_wconf 88' lang='lat' dir='ltr'><strong>millefimo</strong></span> <span class='ocrx_word' id='word_1_181' title='bbox 1265 1777 1542 1822; x_wconf 77' lang='lat' dir='ltr'><strong>quingentesimo</strong></span> 
     </span>
     <span class='ocr_line' id='line_1_20' title="bbox 258 1855 1541 1901; baseline 0.003 -14"><span class='ocrx_word' id='word_1_182' title='bbox 258 1855 392 1887; x_wconf 90' lang='lat' dir='ltr'><strong>decimo</strong></span> <span class='ocrx_word' id='word_1_183' title='bbox 418 1856 455 1888; x_wconf 92' lang='lat' dir='ltr'><strong>in</strong></span> <span class='ocrx_word' id='word_1_184' title='bbox 480 1855 663 1899; x_wconf 88' lang='lat' dir='ltr'><strong>septimum</strong></span> <span class='ocrx_word' id='word_1_185' title='bbox 689 1855 713 1889; x_wconf 89' lang='lat' dir='ltr'>J</span> <span class='ocrx_word' id='word_1_186' title='bbox 715 1857 777 1889; x_wconf 93' lang='lat' dir='ltr'><strong>ulii</strong></span> <span class='ocrx_word' id='word_1_187' title='bbox 802 1855 952 1901; x_wconf 88' lang='lat' dir='ltr'><strong>ejusdem</strong></span> <span class='ocrx_word' id='word_1_188' title='bbox 971 1857 1052 1890; x_wconf 86' lang='lat' dir='ltr'><strong>anni</strong></span> <span class='ocrx_word' id='word_1_189' title='bbox 1071 1858 1201 1900; x_wconf 86' lang='lat' dir='ltr'><strong>capien.</strong></span> <span class='ocrx_word' id='word_1_190' title='bbox 1220 1858 1257 1890; x_wconf 89' lang='lat' dir='ltr'><strong>in</strong></span> <span class='ocrx_word' id='word_1_191' title='bbox 1275 1855 1466 1901; x_wconf 83' lang='lat' dir='ltr'><strong>septimana</strong></span> <span class='ocrx_word' id='word_1_192' title='bbox 1484 1858 1541 1891; x_wconf 83' lang='lat' dir='ltr'><strong>sex</strong></span> 
     </span>
     <span class='ocr_line' id='line_1_21' title="bbox 257 1934 1540 1981; baseline 0.003 -14"><span class='ocrx_word' id='word_1_193' title='bbox 257 1934 382 1969; x_wconf 88' lang='lat' dir='ltr'><strong>solidos</strong></span> <span class='ocrx_word' id='word_1_194' title='bbox 401 1941 434 1968; x_wconf 91' lang='lat' dir='ltr'><strong>et</strong></span> <span class='ocrx_word' id='word_1_195' title='bbox 453 1937 633 1970; x_wconf 84' lang='lat' dir='ltr'><strong>extenden.</strong></span> <span class='ocrx_word' id='word_1_196' title='bbox 651 1937 695 1970; x_wconf 88' lang='lat' dir='ltr'><strong>ad</strong></span> <span class='ocrx_word' id='word_1_197' title='bbox 713 1937 800 1970; x_wconf 88' lang='lat' dir='ltr'><strong>duas</strong></span> <span class='ocrx_word' id='word_1_198' title='bbox 817 1935 1024 1980; x_wconf 83' lang='lat' dir='ltr'><strong>septimanas</strong></span> <span class='ocrx_word' id='word_1_199' title='bbox 1048 1937 1096 1981; x_wconf 84' lang='lat' dir='ltr'><strong>xij</strong></span> <span class='ocrx_word' id='word_1_200' title='bbox 1118 1939 1142 1969; x_wconf 69' lang='grc' dir='ltr'><strong>ἕ.</strong></span> <span class='ocrx_word' id='word_1_201' title='bbox 1193 1936 1243 1970; x_wconf 82' lang='lat' dir='ltr'><strong>Et</strong></span> <span class='ocrx_word' id='word_1_202' title='bbox 1266 1938 1376 1971; x_wconf 90' lang='lat' dir='ltr'><strong>eidem</strong></span> <span class='ocrx_word' id='word_1_203' title='bbox 1399 1942 1483 1971; x_wconf 89' lang='lat' dir='ltr'><strong>tunc</strong></span> <span class='ocrx_word' id='word_1_204' title='bbox 1504 1939 1540 1971; x_wconf 91' lang='lat' dir='ltr'><strong>in</strong></span> 
     </span>
     <span class='ocr_line' id='line_1_22' title="bbox 257 2016 1543 2063; baseline 0.002 -13"><span class='ocrx_word' id='word_1_205' title='bbox 257 2017 541 2051; x_wconf 86' lang='lat' dir='ltr'><strong>reformacionem</strong></span> <span class='ocrx_word' id='word_1_206' title='bbox 560 2016 607 2051; x_wconf 81' lang='lat' dir='ltr'><strong>lie</strong></span> <span class='ocrx_word' id='word_1_207' title='bbox 620 2016 693 2051; x_wconf 67' lang='lat' dir='ltr'><strong>Pilc</strong></span> <span class='ocrx_word' id='word_1_208' title='bbox 710 2019 771 2063; x_wconf 85' lang='lat' dir='ltr'><strong>viij</strong></span> <span class='ocrx_word' id='word_1_209' title='bbox 791 2016 823 2051; x_wconf 81' lang='lat' dir='ltr'><strong>d.</strong></span> <span class='ocrx_word' id='word_1_210' title='bbox 871 2017 920 2051; x_wconf 85' lang='lat' dir='ltr'><strong>Et</strong></span> <span class='ocrx_word' id='word_1_211' title='bbox 938 2019 1048 2051; x_wconf 91' lang='lat' dir='ltr'><strong>eidem</strong></span> <span class='ocrx_word' id='word_1_212' title='bbox 1068 2018 1237 2051; x_wconf 83' lang='lat' dir='ltr'><strong>conducto</strong></span> <span class='ocrx_word' id='word_1_213' title='bbox 1256 2030 1276 2052; x_wconf 88' lang='lat' dir='ltr'><strong>a</strong></span> <span class='ocrx_word' id='word_1_214' title='bbox 1293 2017 1438 2062; x_wconf 84' lang='lat' dir='ltr'><strong>septimo</strong></span> <span class='ocrx_word' id='word_1_215' title='bbox 1455 2019 1478 2052; x_wconf 90' lang='lat' dir='ltr'><strong>J</strong></span> <span class='ocrx_word' id='word_1_216' title='bbox 1480 2020 1543 2053; x_wconf 85' lang='lat' dir='ltr'><strong>ulii</strong></span> 
     </span>
     <span class='ocr_line' id='line_1_23' title="bbox 255 2099 1543 2140; baseline 0.002 -9"><span class='ocrx_word' id='word_1_217' title='bbox 255 2099 409 2140; x_wconf 88' lang='lat' dir='ltr'><strong>predicto</strong></span> <span class='ocrx_word' id='word_1_218' title='bbox 431 2100 468 2132; x_wconf 91' lang='lat' dir='ltr'><strong>in</strong></span> <span class='ocrx_word' id='word_1_219' title='bbox 492 2100 639 2133; x_wconf 89' lang='lat' dir='ltr'><strong>eundem</strong></span> <span class='ocrx_word' id='word_1_220' title='bbox 662 2100 753 2133; x_wconf 88' lang='lat' dir='ltr'><strong>diem</strong></span> <span class='ocrx_word' id='word_1_221' title='bbox 775 2110 866 2133; x_wconf 86' lang='lat' dir='ltr'><strong>anno</strong></span> <span class='ocrx_word' id='word_1_222' title='bbox 887 2099 1055 2132; x_wconf 87' lang='lat' dir='ltr'><strong>revoluto.</strong></span> <span class='ocrx_word' id='word_1_223' title='bbox 1074 2110 1100 2132; x_wconf 86' lang='lat' dir='ltr'><strong>s.</strong></span> <span class='ocrx_word' id='word_1_224' title='bbox 1119 2099 1156 2132; x_wconf 92' lang='lat' dir='ltr'><strong>in</strong></span> <span class='ocrx_word' id='word_1_225' title='bbox 1176 2110 1267 2133; x_wconf 85' lang='lat' dir='ltr'><strong>anno</strong></span> <span class='ocrx_word' id='word_1_226' title='bbox 1285 2100 1417 2133; x_wconf 88' lang='lat' dir='ltr'><strong>domini</strong></span> <span class='ocrx_word' id='word_1_227' title='bbox 1434 2101 1543 2133; x_wconf 84' lang='lat' dir='ltr'><strong>mille-</strong></span> 
     </span>
    </p>
   </div>
   <div class='ocr_carea' id='block_1_3' title="bbox 884 2188 906 2211">
    <p class='ocr_par' dir='ltr' id='par_1_3' title="bbox 884 2188 906 2211">
     <span class='ocr_line' id='line_1_24' title="bbox 884 2188 906 2211; baseline 0 0"><span class='ocrx_word' id='word_1_228' title='bbox 884 2188 906 2211; x_wconf 94' lang='grc' dir='ltr'>Ο</span> 
     </span>
    </p>
   </div>
  </div>
 </body>
</html>
