1837 2698
306 298 351 328 44
493 294 632 326 VITAE
654 295 985 327 EPISCOPORUM
1005 294 1414 326 DUNKELDENSIUM.

354 481 542 517 Ecclefiam
567 484 797 527 parochialem
824 484 940 517 Sancti
967 483 1122 522 Servani‚
1152 494 1239 527 quae
1268 483 1468 527 principalis
1498 487 1572 515 erat

306 563 398 596 illius
411 564 592 607 parochiae
606 576 693 608 quae
708 564 925 608 Tybermure
939 564 1076 602 dicitur,
1091 562 1299 597 restauravit
1312 568 1345 596 et
1359 562 1571 602 construxit3

305 644 471 677 vicarium
491 649 697 688 perpetuum
718 644 846 677 ibidem
864 642 1051 682 constituit,
1070 647 1103 676 et
1117 643 1250 677 fructus
1267 644 1413 676 vicariae
1427 654 1574 676 unacum

303 724 404 768 gleba
433 735 475 757 ex
504 730 601 768 parte
629 725 757 758 boreali
785 735 894 767 aquae
923 724 965 757 de
992 722 1146 757 Almond
1176 721 1370 768 affignavit,
1399 728 1505 766 prout
1538 723 1574 755 in

302 802 427 847 scripto
444 803 587 848 desuper
603 804 694 838 facto
712 805 845 848 plenius
862 804 1020 837 habetur.
1061 801 1213 837 Ecclesia
1231 814 1312 836 vero
1326 802 1408 846 ipsa,
1425 807 1466 836 ut
1483 803 1572 836 anti-

300 885 420 928 quitus
433 886 500 918 dici
517 884 610 924 solet,
627 886 664 918 in
677 883 938 918 dissuetudinem
952 889 986 917 et
1000 883 1217 917 solitudinem
1232 883 1338 922 abiit;
1358 883 1441 926 quia
1454 882 1568 915 infans

300 965 442 999 Domini
467 965 631 999 Rothven
656 966 781 999 ibidem
808 965 978 1009 baptizari
1004 965 1149 1003 delatus,
1178 962 1255 1007 post
1284 962 1504 1006 baptismum,
1530 964 1567 996 in

299 1057 390 1090 aqua
414 1047 455 1080 de
480 1046 645 1086 Almond,
670 1047 845 1080 redeundo
871 1046 915 1079 ab
941 1042 1086 1084 ecclefia,
1111 1044 1239 1088 periit3
1271 1049 1305 1077 et
1330 1045 1407 1077 ideo
1432 1042 1567 1077 ecclefia

298 1127 416 1160 beatae
440 1127 573 1160 Mariae
590 1128 632 1160 de
651 1126 879 1170 Tybermure,
903 1137 966 1169 pro
983 1123 1121 1158 ecclefia
1137 1124 1326 1168 parochiali
1344 1125 1451 1157 totius
1468 1135 1568 1167 paro-

297 1207 393 1240 chiae
406 1212 502 1241 tenta
515 1207 593 1246 fuit,
611 1219 699 1250 quae
713 1207 864 1239 creditur
877 1203 974 1238 fuisse
988 1206 1177 1238 oratorium
1192 1205 1313 1248 palatii
1330 1203 1565 1248 episcoporum

295 1288 423 1321 ibidem
437 1288 735 1326 commorantium,
754 1284 839 1319 ficut
851 1285 1033 1319 willielmi
1046 1286 1087 1318 de
1101 1284 1226 1318 Sancto
1240 1284 1342 1318 Claro
1356 1289 1390 1318 et
1404 1284 1563 1318 Galfridi.

342 1448 416 1482 Nec
432 1449 500 1482 hiis
518 1449 627 1482 auctis
645 1445 789 1481 ccclefiis
807 1446 887 1480 satis
909 1452 1102 1485 contentus,
1125 1446 1217 1479 infra
1239 1446 1438 1489 parochiam
1461 1447 1563 1479 eccle-

292 1526 359 1562 fiae
381 1529 586 1572 parochialis
609 1529 651 1561 de
671 1528 783 1566 Alith,
810 1526 990 1571 episcopali
1014 1525 1147 1560 mensae
1171 1525 1363 1568 spectantis,
1388 1531 1496 1560 terras
1520 1528 1562 1560 de

293 1608 541 1652 Buchquhane,
571 1609 763 1652 antiquitus
793 1619 855 1652 pro
882 1609 983 1641 certis
1009 1605 1113 1640 miffis
1139 1618 1200 1650 per
1224 1605 1450 1650 septimanam
1477 1609 1561 1641 cele-

290 1689 430 1722 brandis
455 1690 492 1721 in
517 1690 646 1732 capella
667 1688 783 1721 Sancti
807 1687 950 1721 Niniani
974 1687 1065 1720 infra
1090 1687 1303 1720 cemiterium
1328 1685 1478 1731 ejusdem
1501 1698 1561 1731 pa-

289 1769 448 1802 rochialis
474 1766 628 1802 ecclesiae
649 1766 722 1808 fita,
748 1779 791 1802 ex
812 1768 981 1802 nobilium
1004 1767 1206 1800 fundatione
1235 1767 1389 1806 donatas,
1413 1767 1557 1807 invenit,

287 1860 373 1893 quas
403 1850 552 1882 vicarius
585 1853 664 1882 ante
694 1849 842 1882 vicariae
876 1849 1090 1886 erectionem,
1125 1845 1267 1891 postque
1301 1847 1558 1890 prebendarius,

285 1928 353 1963 suis
376 1930 594 1973 applicarunt
617 1926 745 1968 ufibus,
771 1929 974 1962 fundatione
996 1927 1181 1961 fraudata:
1208 1932 1291 1961 tunc
1314 1928 1426 1960 dictus
1450 1926 1555 1961 Geor-

284 2011 361 2054 gius
379 2008 530 2049 antistes,
557 2010 674 2042 volens
696 2009 922 2042 fundatorum
945 2008 1088 2042 ultimae
1110 2008 1284 2041 voluntati
1306 2006 1497 2046 subvenire,
1521 2013 1554 2041 et

281 2090 474 2123 animarum
491 2089 601 2129 saluti,
624 2101 712 2134 quae
730 2100 858 2135 magno
880 2089 1054 2123 habentur
1075 2099 1230 2128 numero,
1252 2088 1392 2127 mederi,
1416 2086 1554 2121 consen-
