1837 2698
251 296 320 326 130
535 291 796 324 COMPOTUM
818 290 1043 322 MAGISTRI
1065 290 1260 321 FABRICE

299 400 394 434 Idem
414 401 624 444 Compotans
643 405 763 433 onerat
780 399 813 433 se
830 401 871 433 de
889 400 938 433 xli
956 403 981 433 3.
999 400 1022 444 ij
1042 397 1074 432 d.
1098 400 1140 432 de
1157 397 1263 432 Resta
1279 400 1394 432 ultimi
1419 399 1520 433 Com-

252 482 326 524 poti
343 480 393 515 sui
412 482 535 514 redditi
555 486 595 514 ut
611 480 713 524 supra

691 560 835 594 Summa
852 559 954 594 Reste
973 564 1067 603 patet

301 721 390 754 Item
408 722 499 754 idem
517 721 727 764 Compotans
747 726 865 754 onerat
884 720 915 754 se
935 721 976 753 de
993 721 1031 765 ijc
1044 721 1117 754 xlix
1131 721 1165 753 li.
1184 721 1220 753 ix
1237 723 1261 753 3.
1276 721 1291 764 j
1312 719 1345 753 d.
1364 727 1488 764 recept.
1503 733 1523 754 a

253 802 403 835 Domino
415 802 570 834 Gilberto
585 801 734 845 Scharpe
747 802 918 835 dictorum
931 806 1151 835 executorum
1164 802 1256 844 apud
1272 801 1395 834 Pertht
1407 803 1524 846 grani-

253 883 339 915 terio
357 883 467 915 eidem
485 882 635 914 Domino
650 882 806 915 Gilberto
824 883 908 914 alias
927 882 1080 914 allocatis
1094 882 1131 914 in
1148 882 1271 914 ultimo
1288 880 1348 914 suo
1365 887 1523 925 compoto

252 963 387 996 reddito
404 963 497 1005 apud
515 962 639 995 Pertht
657 962 788 995 decimo
805 973 896 995 nono
914 962 968 994 die
986 959 1109 994 niensis
1126 961 1149 993 J
1151 962 1285 1005 anuarij
1305 963 1449 1005 predicti
1476 962 1523 995 Et

254 1043 295 1074 de
309 1042 369 1086 viij
386 1042 419 1073 li.
434 1021 508 1085 xiiij
525 1044 549 1073 3.
564 1041 587 1085 ij
604 1039 636 1073 d.
651 1042 795 1084 receptis
811 1053 831 1073 a
844 1041 995 1073 Domino
1008 1040 1030 1073 J
1032 1040 1137 1074 acobo
1156 1039 1351 1073 Hendirson
1370 1039 1525 1074 similiter

256 1122 347 1164 apud
377 1121 586 1153 Dunkelden
616 1121 805 1165 graniterio
834 1122 943 1153 eidem
971 1121 1054 1153 alias
1080 1121 1233 1153 allocatis
1260 1121 1296 1152 in
1321 1119 1381 1153 suo
1404 1122 1528 1154 ultimo

256 1206 414 1244 compoto
432 1201 566 1233 reddito
593 1201 685 1243 apud
709 1200 939 1234 Dounkelden
957 1199 1183 1233 decimosexto
1200 1201 1255 1232 die
1278 1198 1401 1233 menfis
1419 1200 1528 1234 Janu-

257 1280 320 1324 arij
348 1280 493 1322 predicti
544 1279 594 1312 Et
617 1280 658 1312 de
681 1280 717 1323 iij
738 1259 864 1323 1i.xi⁰fij
886 1282 909 1311 3.
935 1280 1080 1322 receptis
1107 1290 1126 1311 a
1152 1278 1303 1311 Domino
1329 1280 1370 1312 de
1397 1279 1528 1312 Fardill

258 1361 395 1392 nomine
409 1358 567 1404 Magistri
582 1359 773 1392 Alexandri
789 1359 940 1392 officialis
957 1360 992 1392 in
1007 1363 1141 1403 partem
1155 1358 1336 1392 solucionis
1351 1358 1528 1393 fructuum

259 1440 389 1473 ecclesie
407 1441 447 1473 de
466 1440 674 1473 Crawmond
692 1451 754 1483 pro
773 1440 898 1483 quibus
922 1440 1012 1472 idem
1036 1439 1152 1472 David
1176 1439 1280 1471 habet
1303 1440 1530 1482 quittanciam

263 1520 503 1563 Compotantis
548 1519 597 1552 Et
615 1520 656 1552 de
674 1521 744 1552 xli.
763 1521 908 1563 receptis
927 1531 947 1552 a
964 1519 1114 1552 Domino
1132 1520 1173 1551 de
1192 1518 1387 1551 Rothwane
1401 1520 1532 1553 collatis

264 1600 306 1632 ad
324 1599 490 1632 fabricam
509 1600 624 1643 pontis
642 1600 677 1632 in
697 1597 907 1632 elimosinam
958 1598 1006 1632 Et
1021 1600 1061 1632 de
1075 1599 1111 1642 iij
1128 1600 1161 1631 li.
1177 1599 1210 1642 vj
1227 1601 1251 1631 3.
1267 1599 1327 1642 viij
1343 1597 1375 1631 d.
1390 1601 1533 1642 receptis
1575 1588 1587 1592 ν

266 1679 309 1711 ab
327 1678 527 1712 Alexandro
550 1678 676 1712 Hareis
700 1690 811 1721 nuper
835 1678 996 1711 defuncto
1046 1677 1096 1710 Et
1113 1679 1154 1710 de
1172 1678 1208 1722 iij
1227 1680 1251 1710 3.
1270 1657 1319 1721 ioirij
1339 1676 1372 1710 d.
1390 1680 1534 1722 receptis

268 1770 287 1791 a
305 1758 455 1792 Domino
473 1758 495 1791 J
497 1759 601 1792 acobo
620 1759 759 1791 Lauder
776 1759 903 1791 decano
920 1756 1074 1803 Angufie
1092 1758 1133 1790 de
1151 1759 1225 1791 oleo
1242 1763 1458 1801 peccatorum
1478 1770 1538 1801 per

270 1845 404 1882 tempus
423 1840 572 1882 compoti

632 1918 775 1951 Summa
793 1918 903 1952 tocius
921 1919 1033 1952 oneris
1052 1930 1130 1952 cum
1150 1917 1255 1952 Resta
1272 1919 1310 1962 ij⁶
1328 1919 1398 1962 iij¹¹
1409 1919 1484 1963 xvij
1504 1920 1537 1951 li.

641 1999 701 2043 viij
722 2001 746 2031 3.
765 2009 787 2031 v
803 1996 836 2031 d.
