1837 2698
263 321 308 352 22
480 317 617 348 VITAE
640 318 967 349 EPISCOPORUM
990 318 1393 350 DUNKELDENSIUM.

263 425 408 465 ticostes,
427 427 462 459 in
482 425 618 460 ecclesia
646 426 706 460 sua
728 428 894 472 majorem
920 428 1146 461 celebrantem
1173 426 1315 467 missam,
1336 427 1481 473 sagittis,
1501 428 1534 459 vi

262 512 295 540 et
312 508 429 544 armis,
447 519 486 540 ac
510 519 615 541 manu
638 513 781 547 armata,
800 509 891 541 infra
917 506 1089 542 ecclesiam
1114 506 1250 548 invafit,
1267 510 1317 542 ita
1342 514 1382 542 ut
1407 509 1535 541 relictis

262 585 437 620 missarum
455 587 624 627 solenniis,
642 589 756 622 trabes
775 589 869 622 chori
888 588 1046 622 scandere
1064 588 1257 633 compulsus
1276 588 1325 622 est
1347 588 1535 641 episcopus.

260 668 326 701 Sed
352 669 464 702 dictus
483 669 692 708 Alexander,
710 670 869 703 tirannus
891 671 975 703 alias
1003 670 1239 713 implacabilis,
1258 674 1394 713 recepto
1420 669 1532 703 secum

259 749 443 782 contribuli
461 749 531 789 suo,
549 748 700 790 receffit;
728 756 762 784 et
788 751 871 784 dum
898 751 1055 803 pontifex
1075 751 1149 795 regi
1177 752 1374 794 quaerelam
1396 748 1534 788 fecisset,

260 832 336 865 Rex
362 833 492 865 dictum
511 831 752 866 Alexandrum
778 834 902 866 ultimo
927 830 1111 877 punivisset
1136 831 1313 875 supplicio,
1336 829 1399 865 nifi
1427 832 1536 864 domi-

258 924 324 946 nus
342 912 518 946 Glammes
537 912 646 958 (regia
664 925 810 959 magnus
829 915 864 947 in
884 915 1003 957 curia,)
1027 914 1108 946 data
1135 913 1226 946 dicto
1243 912 1446 945 Alexandro
1469 913 1538 945 filia

258 993 382 1038 absque
401 994 490 1032 dote,
509 1006 581 1027 rem
603 994 848 1038 composuisset,
867 996 1001 1040 regium
1022 993 1180 1038 placasset
1205 995 1373 1033 animum,
1391 999 1425 1026 et
1451 1006 1535 1037 pon-

258 1074 358 1107 tificis
385 1075 531 1119 injurias
549 1075 592 1108 ob
609 1076 740 1120 gratias
759 1077 873 1109 curiae
899 1076 1101 1109 obtinendas
1119 1075 1289 1108 deliniret.
1343 1074 1411 1107 Hic
1429 1076 1532 1108 etiam

256 1155 424 1198 pontifex,
447 1167 467 1188 a
484 1155 614 1189 Jacobo
636 1154 782 1189 secundo
803 1168 884 1201 rege
910 1156 1091 1189 Scotorum
1118 1152 1351 1193 illustrissimo,
1370 1156 1534 1198 impetra-

259 1236 310 1268 vit
327 1247 445 1269 omnes
464 1242 573 1270 terras
592 1234 748 1270 ecclesiae
765 1235 844 1270 suae
862 1248 904 1270 ex
918 1242 1016 1280 parte
1030 1237 1158 1270 boreali
1177 1247 1286 1279 aquae
1304 1236 1345 1268 de
1360 1235 1482 1275 Forth,
1498 1238 1532 1269 in

259 1328 363 1350 unam
377 1318 729 1356 baroniam,v0catam
743 1318 920 1351 baroniam
929 1315 1533 1360 Dunkeldensem,incorporari‚data

259 1411 327 1432 una
346 1399 452 1433 solum
472 1400 508 1432 in
527 1400 620 1432 curia
637 1400 743 1444 Regis
757 1401 798 1433 de
814 1400 920 1433 Perth
939 1398 1048 1438 secta3
1076 1403 1109 1431 et
1127 1409 1245 1431 omnes
1259 1402 1369 1431 terras
1387 1399 1533 1431 domini-

260 1481 346 1513 cales
367 1480 409 1513 de
423 1479 604 1519 Prestoun‚
618 1480 770 1519 Bonkill,
782 1480 982 1523 Abirlathy,
997 1479 1221 1517 Crawmund,
1239 1483 1273 1512 et
1290 1478 1479 1516 Abercorn,
1492 1490 1531 1511 ac

259 1566 408 1593 caeteras
427 1566 535 1593 terras
553 1560 631 1594 suae
649 1559 814 1600 ecclefiae,
833 1572 875 1594 ex
892 1566 990 1604 parte
1008 1558 1150 1593 australi
1169 1570 1278 1603 aquae
1296 1560 1338 1591 de
1356 1558 1477 1597 Forth‚
1496 1560 1532 1592 in

259 1651 363 1673 unam
383 1641 571 1679 baroniam,
590 1642 779 1674 vocandam
797 1641 1003 1684 Aberlathy,
1021 1646 1055 1673 et
1081 1651 1144 1683 pro
1169 1651 1240 1673 una
1263 1638 1351 1673 secta
1374 1640 1410 1672 in
1438 1641 1532 1673 curia

262 1720 367 1765 Regis
380 1722 421 1754 de
434 1720 654 1766 Edinburgh.
684 1722 715 1754 H
721 1723 751 1754 ic
763 1723 865 1755 etiam
878 1721 1035 1765 pontifex
1046 1732 1170 1754 navem
1182 1718 1347 1759 ecclesiae,
1361 1721 1532 1764 inceptam

261 1814 279 1834 a
300 1801 452 1835 Roberto
479 1802 639 1846 Cardeny
658 1800 894 1845 predecessore,
918 1803 1137 1835 laudabiliter
1159 1800 1420 1840 consummavit,
1440 1803 1531 1835 vitro

263 1882 427 1916 fenestras
446 1895 564 1916 omnes
579 1885 765 1923 decoravit,
779 1885 877 1928 tigna
890 1885 1018 1917 velavit
1033 1888 1067 1917 et
1084 1884 1119 1916 in
1138 1882 1441 1916 consummationis
1456 1883 1533 1917 suae

260 1966 374 2003 decus,
388 1965 557 2008 porticum
574 1962 728 1997 ecclefiae
743 1969 822 1998 ante
832 1965 958 2009 januas
973 1963 1138 1997 australes
1150 1962 1287 2002 struxit,
1301 1969 1335 1997 et
1349 1963 1533 2007 sculptoria

260 2050 333 2077 arte
352 2046 530 2090 ymagines
554 2045 692 2084 ibidem,
710 2057 814 2089 quam
833 2046 991 2078 decenter
1005 2046 1139 2078 locavit.
1163 2043 1341 2078 Postremo
1359 2042 1530 2078 ecclesiam

262 2125 365 2170 ipsam
388 2127 535 2170 propriis
554 2126 714 2159 manibus
732 2126 914 2163 dedicavit,
929 2137 1019 2159 anno
1033 2126 1163 2159 domini
1177 2122 1357 2158 millesnno
1369 2126 1534 2169 quadrin-
