1837 2698
275 287 320 318 88
559 285 818 316 COMPOTUM
839 284 1061 316 MAGISTRI
1081 283 1276 317 FABRICE

275 392 322 437 vij
341 394 377 427 li.
397 395 444 439 vij
463 395 478 427 ἕ
528 394 578 428 Et
601 395 769 428 allocatur
797 395 908 427 eidem
934 405 996 438 per
1019 395 1232 438 empcionem
1256 393 1437 428 duodecim
1460 392 1550 438 plus-

273 473 429 508 culorum
447 475 654 519 equinorum
674 475 867 520 vulgariter
884 473 930 508 lie
949 473 1068 520 girtht
1091 473 1211 508 bukles
1228 476 1272 508 ad
1289 473 1390 508 usum
1409 474 1550 507 veredo-

271 564 361 594 rum,
376 556 437 600 viij
452 554 486 589 d.
525 555 575 589 Et
592 556 760 589 allocatur
777 556 887 589 eidem
905 567 968 600 per
986 557 1199 600 empcionem
1216 556 1321 589 unius
1338 555 1454 599 pincte
1467 565 1546 588 cum

271 635 421 669 dimedia
438 636 620 670 bituminis
646 637 689 670 ad
707 637 956 682 mittigandum
975 637 1186 670 caliditatem
1212 636 1374 670 umbonis
1390 640 1547 669 rotarum

270 720 303 748 et
319 714 511 750 sanandum
528 719 645 751 ulcera
670 729 839 762 equorum
856 717 1005 751 lesorum
1022 717 1071 762 xij
1091 714 1124 750 d.
1174 715 1224 750 Et
1247 717 1415 750 allocatur
1436 717 1547 750 eidem

267 806 329 839 per
354 796 595 832 liberacionem
612 798 739 832 factam
758 799 911 832 Patricio
929 798 1019 843 Tiry
1037 797 1190 831 Patricio
1208 796 1349 830 Masone
1367 801 1401 830 et
1426 797 1548 830 multis

269 877 345 911 aliis
359 879 584 922 carpentariis
596 880 773 913 conductis
791 891 854 923 pro
872 879 991 912 diebus
1010 883 1045 912 et
1058 877 1257 922 septimanis
1276 878 1313 911 in
1331 878 1545 922 adjutorium

270 957 487 1002 Carpentarii
506 961 638 1004 proprii
657 961 748 993 circa
765 971 852 1004 opus
872 961 913 993 de
932 957 978 992 lie
995 956 1154 992 bulwarlc
1171 956 1313 992 diverfis
1332 959 1465 992 vicibus
1482 969 1545 1002 per

267 1043 403 1082 tempus
428 1041 579 1084 compoti
604 1052 628 1073 x
651 1041 687 1073 li.
709 1041 768 1085 xvj
789 1042 814 1073 ἔ.
837 1040 871 1085 vj
891 1038 924 1073 d.
987 1039 1038 1073 Et
1063 1050 1127 1083 pro
1151 1037 1197 1072 lie
1221 1036 1360 1072 hadder
1384 1039 1428 1072 ad
1453 1039 1546 1072 idem

265 1130 351 1162 opus
370 1120 420 1164 iiij
440 1121 464 1153 ἔ.
483 1121 506 1166 ij
526 1119 550 1153 d
600 1121 649 1154 Et
671 1122 838 1154 allocatur
860 1121 971 1154 eidem
996 1131 1058 1164 per
1083 1120 1297 1164 empcionem
1314 1119 1362 1164 xij
1383 1118 1546 1163 capistro-

263 1211 342 1233 rum
368 1202 574 1245 equinorum
600 1201 643 1234 ad
670 1202 817 1234 verudos
841 1201 956 1244 precio
978 1199 1161 1246 cujussibet
1182 1199 1327 1233 sedecim
1352 1200 1485 1234 denarii
1507 1202 1544 1234 in

262 1282 407 1324 pecunia
420 1282 479 1326 xvj
496 1284 521 1315 ἕ.
546 1281 597 1315 Et
611 1282 779 1315 allocatur
793 1282 903 1315 eidem
918 1292 979 1325 per
991 1281 1235 1314 liberacionem
1249 1280 1377 1314 factam
1389 1279 1411 1312 J
1414 1280 1542 1314 ohanni

263 1362 357 1396 Lard
375 1366 409 1396 et
426 1362 531 1396 servis
550 1363 585 1396 in
612 1363 803 1396 mercedem
826 1362 954 1396 laboris
973 1362 1209 1396 corticacionis
1227 1362 1419 1395 corriorum
1437 1362 1480 1395 ad
1498 1360 1545 1395 lie

262 1440 420 1475 hulwarlc
441 1444 497 1488 vi3
522 1454 647 1478 novem
674 1444 856 1477 dacrarum
882 1448 917 1477 et
939 1443 1093 1487 quinque
1116 1443 1220 1487 hydis
1245 1443 1306 1476 xix
1328 1444 1353 1475 ἔ.
1372 1442 1409 1487 iij
1428 1439 1452 1475 d
1493 1441 1543 1475 Et

262 1523 429 1557 allocatur
446 1524 557 1557 eidem
574 1534 637 1567 per
653 1524 867 1567 empcionem
885 1524 1014 1568 viginti
1031 1524 1136 1557 unius
1154 1523 1325 1557 bonarum
1341 1533 1421 1556 cum
1434 1523 1542 1556 dime-

262 1604 321 1638 dia
337 1608 371 1638 et
388 1603 501 1638 tribus
518 1604 641 1638 firlotis
659 1604 794 1638 corticis
818 1604 862 1638 ad
879 1604 970 1637 dicta
996 1605 1089 1638 coria
1114 1604 1312 1637 corticanda
1328 1603 1390 1648 xlij
1410 1605 1435 1636 ἔ.
1453 1603 1488 1648 vj
1508 1601 1539 1636 d.

260 1683 310 1717 Et
332 1685 501 1718 allocatur
519 1685 629 1719 eidem
648 1696 710 1729 per
727 1685 940 1729 empcionem
957 1683 1198 1729 septemdecim
1215 1684 1386 1717 librarum
1404 1689 1438 1717 et
1456 1684 1540 1717 duo-

260 1775 338 1798 rum
364 1762 411 1798 lie
436 1763 558 1811 wespis
583 1765 709 1799 calabis
736 1766 833 1799 vario
858 1766 973 1809 precio
998 1766 1058 1811 xvj
1087 1766 1112 1798 ἔ.
1138 1765 1176 1799 ix
1202 1763 1235 1798 d.
1298 1764 1348 1798 Et
1374 1765 1542 1798 allocatur

260 1846 369 1880 eidem
393 1857 455 1890 per
478 1847 692 1891 empcionem
716 1847 824 1880 trium
842 1851 1021 1890 petrarum
1039 1851 1073 1880 et
1090 1845 1351 1891 quatuordecim
1370 1845 1538 1878 librarum

258 1926 330 1960 cebi
348 1932 383 1961 et
408 1928 486 1971 plus
512 1926 638 1971 absque
663 1928 814 1971 pondere
838 1928 882 1961 ad
906 1926 1007 1961 usum
1028 1931 1186 1961 rotarum
1204 1926 1384 1959 fabrorum
1402 1924 1539 1959 servan-

257 2009 345 2041 tium
369 2019 410 2041 ac
435 2009 610 2053 reliquum
637 2019 724 2052 opus
749 2008 867 2053 pontis
892 2008 965 2053 xvij
985 2011 1012 2041 ἓ.
1031 2007 1065 2053 vj
1085 2005 1119 2041 d.
1163 2007 1213 2041 Et
1231 2008 1399 2040 allocatur
1416 2006 1537 2045 eidem,

257 2099 318 2132 per
351 2089 566 2133 empcionem
599 2089 821 2123 candelarum
851 2089 896 2123 ad
926 2087 1060 2123 stabula
1090 2089 1301 2122 verudorum
1330 2097 1392 2130 per
1424 2090 1537 2119 totum
