1837 2698
320 297 365 328 14
497 292 637 323 VITAE
660 292 994 324 EPISCOPORUM
1015 292 1429 325 DUNKELDENSIUM.

321 401 521 447 Striveling,
534 402 688 446 jacentes
706 403 743 435 in
760 402 923 445 parochia
940 403 981 436 de
999 402 1143 447 Lecrop.
1185 402 1333 448 Legitur
1350 404 1454 437 etiam
1471 405 1508 436 in
1523 415 1596 437 cro-

322 483 418 523 nicis,
430 485 471 516 de
484 484 660 527 praedicto
671 482 823 517 antistite
834 484 941 517 nobili
953 489 987 517 et
997 485 1231 529 magnanimo,
1243 483 1407 518 existente
1420 485 1455 518 in
1468 485 1596 528 palatio

321 562 380 597 suo
403 565 444 597 de
462 564 682 603 Outhertule‚
700 565 887 597 vicecomes
913 565 954 597 de
972 564 1058 609 Fyff
1079 577 1156 598 cum
1183 570 1299 599 turma
1324 566 1595 610 quingentorum

320 648 534 677 armatorum
552 645 595 678 ad
614 644 751 690 Anglos
768 646 985 689 expellendos
1002 644 1220 689 supervenit3
1247 645 1303 679 sed
1316 647 1507 690 percipiens
1521 646 1597 679 An-

321 726 395 769 glos
413 726 583 769 intrepide
596 725 696 769 super
709 727 841 759 rurales
855 724 1036 763 desaevire,
1048 728 1185 760 retortis
1203 727 1345 760 habenis
1360 727 1464 771 fugae
1479 726 1597 759 consu-

324 807 401 839 luit.
439 805 583 840 Auditis
600 807 678 846 hiis,
697 805 872 850 episcopus
890 806 921 840 se
939 808 1008 840 cito
1025 809 1184 846 armavit,
1198 819 1326 851 equum
1345 806 1496 840 ascendit
1516 817 1595 840 cum

320 885 498 931 sexaginta
514 886 583 920 suis
601 888 644 920 ad
661 888 832 931 proelium
850 889 969 928 doctis,
984 892 1018 921 et
1036 889 1103 921 cito
1117 889 1259 922 obvium
1276 888 1400 922 habuit
1414 888 1595 922 vicecomi—

320 974 400 1008 tem,
415 970 469 1002 cui
483 970 575 1002 clara
586 981 669 1003 voce
682 970 781 1009 dixit,
795 969 899 1003 “Cur
912 974 983 1003 tam
998 971 1189 1003 vecorditer
1202 970 1377 1003 revertitis
1386 969 1422 1002 ?⁷’
1441 968 1596 1012 Respon-

320 1050 370 1083 dit
384 1050 582 1090 vicecomes,
601 1053 621 1068 “
635 1050 727 1088 Quia
744 1050 853 1095 Angli
871 1052 987 1094 plures
1005 1051 1103 1084 nobis
1121 1050 1210 1090 sunt,
1228 1055 1262 1084 et
1279 1051 1390 1084 multo
1406 1050 1595 1084 fortiores.”

320 1130 509 1174 Respondit
522 1131 708 1175 episcopus,
727 1131 910 1176 “Dignum
924 1136 1014 1164 certe
1028 1129 1118 1170 esset,
1130 1131 1219 1176 Regi
1233 1132 1377 1164 calcaria
1391 1131 1556 1164 deaurata
1574 1142 1594 1163 a

319 1212 397 1244 talis
412 1210 533 1245 vestris
547 1211 736 1255 praescindi
750 1213 930 1252 mandare3
952 1211 1134 1256 sequimini
1147 1223 1213 1251 me,
1225 1212 1308 1245 etin
1322 1212 1460 1244 nomine
1474 1210 1595 1244 Domi-

317 1293 363 1332 ni,
381 1291 497 1326 sancto
515 1293 684 1326 Columba
701 1294 948 1337 patrocinante,
967 1293 1066 1337 cujus
1085 1298 1213 1326 terram
1233 1291 1426 1331 destruunt,
1439 1290 1540 1335 super
1554 1303 1594 1325 eo

316 1374 381 1406 ulti
396 1374 553 1406 erimus.”
572 1373 650 1407 Hoc
663 1375 764 1413 dicto,
779 1374 948 1407 chiminili
961 1385 982 1407 a
994 1373 1027 1407 se
1040 1374 1178 1418 rejecto,
1192 1374 1304 1407 diram
1318 1374 1471 1406 lanceam
1486 1383 1592 1405 manu

316 1455 474 1498 arripuit,
493 1466 620 1498 equum
639 1455 828 1488 calcaribus
846 1460 960 1500 urget,
977 1466 1039 1488 nec
1059 1455 1149 1488 dixit
1166 1454 1370 1493 vicecomiti,
1397 1457 1418 1471 ‘⁶
1432 1453 1449 1486 I
1467 1453 1591 1496 p1·ior,''

316 1534 371 1568 sed
395 1539 415 1553 ‘⁶
433 1535 582 1579 Sequere
594 1536 623 1575 ;”
641 1547 743 1579 quem
767 1534 882 1575 secuti,
906 1541 940 1569 et
963 1547 1040 1568 cum
1066 1534 1221 1568 hostibus
1244 1532 1420 1579 congreffi,
1446 1534 1591 1567 victoria

315 1615 394 1648 sunt
411 1615 556 1649 feliciter
573 1617 685 1659 potiti.
735 1616 786 1650 Et
802 1618 998 1651 ceciderunt
1011 1618 1052 1650 de
1065 1617 1193 1662 Anglis
1211 1618 1271 1650 illo
1288 1617 1343 1650 die
1356 1617 1539 1661 quingenti
1557 1621 1591 1649 et

316 1697 418 1735 ultra,
432 1701 571 1740 praeter
588 1698 780 1741 complures
798 1699 858 1742 qui
876 1699 1045 1732 intrantes
1063 1698 1230 1743 bargiam,
1242 1698 1337 1730 illam
1355 1697 1463 1730 nimia
1474 1697 1592 1730 multi-

317 1777 435 1809 tudine
453 1782 645 1818 onerantes,
663 1779 699 1811 in
716 1779 805 1812 mari
822 1777 901 1812 sunt
918 1777 1090 1812 submersi.
1117 1778 1167 1812 Et
1184 1777 1301 1822 postea
1320 1778 1397 1811 Rex
1415 1778 1589 1811 Robertus

315 1858 356 1890 de
372 1857 504 1902 Anglia
519 1859 665 1898 rediens,
683 1860 814 1893 dictum
828 1859 1022 1904 episcopum
1035 1860 1072 1893 in
1090 1861 1242 1893 maximo
1260 1859 1390 1892 honore
1403 1859 1537 1898 habuit,
1555 1863 1589 1892 et

316 1937 426 1981 ipsum
443 1940 650 1982 peculiarius
668 1941 810 1974 caeteris
831 1939 1025 1984 episcopum
1050 1939 1149 1974 suum
1176 1941 1356 1974 nominare
1380 1939 1528 1979 solebat3
1555 1943 1590 1972 et

315 2018 489 2052 scribendo
507 2020 628 2059 eidem,
646 2032 667 2054 a
683 2025 781 2066 tergo
798 2022 978 2055 literarum
995 2020 1095 2055 scribi
1112 2021 1204 2061 fecit,
1223 2025 1243 2039 ‘⁶
1254 2020 1425 2065 Episcopo
1442 2018 1589 2053 nostro.”

317 2098 366 2133 Et
384 2111 462 2133 cum
480 2101 679 2135 cathedram
696 2100 833 2137 rexisset
849 2114 957 2136 annos
971 2103 1106 2136 circiter
1123 2102 1249 2148 viginti
1266 2102 1430 2146 quinque,
1447 2100 1587 2134 tandem
