1837 2698
374 321 512 353 VITAE
536 319 870 353 EPISCOPORUM
892 319 1298 351 DUNKELDENSIUM.
1429 324 1474 358 39

190 437 260 465 tem
278 432 515 465 immediatam
535 432 723 465 earundem
741 436 927 470 terrarum,
941 441 1092 464 unacum
1110 435 1236 474 quarta
1254 433 1353 473 parte
1372 429 1474 462 villae

190 514 225 546 in
243 513 467 557 proprietate,
487 524 507 545 a
523 512 546 545 J
548 512 686 545 ohanne
701 512 800 545 Blair
817 513 859 545 de
877 512 1052 557 Ballgillo,
1067 515 1206 545 tenente
1224 512 1397 544 dictorum
1415 510 1475 543 ab·

189 594 280 627 batis
298 598 333 627 et
351 599 564 632 conventus3
591 598 625 626 et
643 591 924 637 compositionem
944 593 1025 626 fecit
1043 604 1120 626 cum
1147 592 1271 625 eisdem
1298 592 1423 625 abbate
1441 597 1473 625 et

190 679 373 714 conventu,
392 679 424 707 et
444 676 480 707 in
499 674 716 707 excambium
737 675 831 707 dedit
849 672 972 707 eisdem
999 673 1277 718 superioritatem
1302 678 1474 707 terrarum

188 757 230 790 de
260 757 360 801 Logy
392 768 498 800 prope
528 756 801 801 Dumfermling,
832 761 866 790 et
895 757 982 790 duas
1012 768 1144 790 mercas
1175 757 1283 790 annui
1318 757 1474 789 redditus

189 838 387 876 earundem,
413 849 545 871 necnon
564 842 598 871 et
615 842 767 881 quatuor
784 849 915 871 mercas
933 838 1041 871 annui
1060 838 1215 871 redditus
1234 838 1275 870 de
1300 837 1475 871 Newtoun

189 919 230 952 de
260 918 446 952 Aberdour
464 930 473 959 3
505 919 747 952 accedentibus
777 920 821 952 ad
855 919 921 952 hoc
955 920 1213 963 capellanorum
1247 918 1410 953 consensu
1444 926 1478 953 et

189 1000 448 1034 confirmatione
466 1000 574 1046 regia.
624 999 674 1034 Et
692 998 736 1033 fic
760 999 952 1045 Episcopus
975 999 1087 1045 potest
1111 1001 1332 1045 quadruplici
1353 1001 1478 1034 itinere

189 1082 355 1126 equitare,
379 1082 471 1115 inter
494 1082 625 1125 palatia
648 1082 836 1126 praedicta,
860 1083 896 1115 in
918 1083 1070 1126 propriis
1088 1087 1123 1116 et
1140 1083 1385 1116 canonicorum
1403 1083 1478 1116 suo-

189 1174 267 1197 rum
294 1164 407 1203 terris,
435 1164 503 1197 viz.
522 1174 584 1207 per
606 1163 799 1203 Cardineis,
818 1176 879 1208 per
901 1165 932 1197 le
956 1165 1089 1205 Letter,
1108 1171 1141 1199 et
1160 1177 1221 1209 per
1239 1165 1423 1206 Stentoun,
1443 1173 1477 1199 et

190 1243 333 1288 Capeth.

225 1409 305 1443 Hiis
324 1408 498 1443 Ecclesiae
516 1412 723 1454 impetratis,
748 1410 954 1456 conquestus
973 1410 1022 1445 est
1044 1424 1064 1445 a
1087 1412 1184 1457 Rege
1210 1413 1247 1446 in
1272 1412 1476 1450 feodifirma,

190 1504 253 1537 pro
277 1493 512 1538 quadraginta
529 1492 645 1526 solidis
664 1494 858 1532 annuatim,
876 1493 1039 1527 forestam
1059 1499 1093 1528 et
1110 1499 1221 1528 terras
1243 1495 1285 1527 de
1311 1494 1477 1532 Birnane,

191 1579 301 1607 terras
315 1579 349 1607 et
363 1572 483 1607 silvam
499 1575 541 1607 de
556 1574 668 1618 Logy,
684 1586 761 1608 cum
781 1576 1001 1618 pertinentiis
1015 1587 1024 1615 ς
1044 1581 1078 1609 et
1092 1575 1236 1615 easdem,
1251 1586 1290 1609 ac
1308 1580 1418 1609 terras
1436 1576 1478 1608 de

192 1655 395 1700 kakersy
413 1660 447 1689 et
464 1654 637 1700 Arntully
654 1654 787 1700 semper
804 1655 912 1701 usque
930 1661 1014 1690 tunc
1031 1668 1093 1701 per
1112 1657 1246 1702 Regem
1265 1658 1479 1701 calumpnia-

194 1742 257 1776 tas,
272 1734 428 1770 ecclesiae
442 1736 522 1770 suae
536 1742 570 1770 et
583 1737 747 1771 baroniae
764 1736 1001 1771 Dunkeldensi
1019 1739 1170 1778 concedi,
1188 1739 1293 1778 uniri,
1312 1739 1478 1772 annexari

198 1824 232 1851 et
249 1818 420 1862 pacificari
439 1818 602 1857 obtinuit,
621 1819 711 1852 datis
730 1819 819 1864 Regi
839 1824 879 1852 ut
896 1820 1118 1863 praedicitur,
1136 1820 1310 1853 fructibus
1327 1817 1480 1853 eeclesia-

195 1910 273 1932 rum
291 1899 334 1932 de
351 1898 566 1932 Crawmund
581 1904 615 1932 et
632 1898 839 1944 Aberlathy.

242 2062 396 2096 Vocatus
415 2063 520 2096 etiam
535 2063 626 2096 idem
640 2064 851 2097 reverendus
864 2069 964 2108 pater
981 2075 1045 2108 pro
1061 2066 1231 2099 evictione
1245 2070 1418 2100 terrarum
1437 2068 1479 2100 de

194 2143 407 2189 kakersy,
420 2145 474 2178 vel
487 2146 531 2178 ad
546 2146 868 2179 warrantizandum
885 2144 933 2179 lie
950 2146 1056 2180 cani-s·
1073 2148 1115 2181 de
1133 2148 1306 2193 Kingorn,
1325 2148 1478 2182 obtinuit
