1837 2698
394 296 530 326 VITAE
554 296 885 328 EPISCOPORUM
906 295 1313 328 DUNKELDENSIUM.
1446 300 1489 330 31

212 406 385 444 exercitio,
403 405 602 448 parochiani
629 411 664 440 et
689 406 858 440 diocesani
883 406 944 445 sui,
971 411 1120 451 peccata,
1139 407 1182 439 ad
1209 406 1357 449 triginta
1377 415 1486 438 annos

213 493 295 520 tunc
320 485 448 530 elapsos
475 492 576 526 tecta,
595 487 749 521 confiteri
770 492 804 522 et
821 487 1071 521 absolutionem
1090 487 1245 520 obtinere
1264 491 1488 523 meruerunt;

212 568 347 612 publice
374 579 455 601 vero
482 572 660 611 peccantes
687 569 771 601 adeo
797 574 951 612 tempore
977 567 1037 601 suo
1060 566 1140 601 sunt
1166 567 1293 611 puniti,
1323 572 1364 600 ut
1389 567 1489 610 pauci

211 649 332 682 mortis
350 648 428 682 suae
446 654 612 692 tempore,
626 650 662 682 in
680 649 847 693 gravibus
862 647 1048 682 excessibus
1061 648 1142 682 sunt
1155 649 1271 681 delati.
1298 647 1490 690 Nunquam

212 736 339 770 tamen,
357 732 399 764 de
425 732 580 775 pecuniis
607 731 643 764 in
666 731 940 774 redemptionem
959 737 1178 774 peccatorum
1196 730 1298 768 datis,
1316 728 1491 762 intromit-

209 816 280 844 tere
295 812 406 845 voluit
418 823 427 851 ς
450 812 576 851 dicens,
592 815 611 829 ‘⁵
626 812 753 845 Oleum
765 817 882 845 autem
894 812 1081 855 peccatoris
1093 822 1163 844 non
1177 811 1373 855 impinguet
1385 814 1489 852 caput

207 893 360 932 meum;”
386 894 483 926 illam
500 898 617 926 tamen
635 892 818 935 pecuniam
836 893 878 925 ad
897 891 997 925 usum
1015 890 1172 925 ecclesiae
1189 891 1396 935 parochialis
1414 901 1490 933 pec·

206 974 371 1012 cantium,
389 978 423 1007 et
447 973 701 1016 reparationem
728 973 894 1016 applicari
920 972 1001 1006 feeit
1027 973 1237 1006 earundem:
1281 971 1405 1015 Sicque
1422 970 1488 1014 spi·

205 1055 366 1088 ritualem
394 1065 513 1087 curam
539 1052 602 1087 fibi
629 1052 837 1087 commissam
864 1055 938 1099 regi
964 1053 1056 1087 fecit.
1107 1053 1181 1087 Nec
1206 1058 1347 1097 propter
1364 1053 1430 1086 hoc
1451 1053 1486 1085 in

204 1135 453 1179 temporalibus
479 1136 658 1180 negligens
690 1140 775 1169 erat.
841 1135 938 1168 Sicut
972 1134 1168 1179 episcopum
1202 1136 1296 1168 illius
1331 1132 1487 1167 ecclefiae

203 1221 340 1260 oportet
357 1214 419 1249 effe
442 1215 633 1255 strenuum,
651 1217 735 1260 quia
754 1214 887 1259 semper
912 1227 933 1248 a
958 1215 1161 1249 secularium
1188 1213 1381 1249 incurfibus
1404 1225 1486 1247 vex-

203 1303 261 1330 ata
278 1302 374 1337 erat3
402 1298 478 1330 ideo
496 1302 570 1330 toto
587 1302 724 1336 conatu,
742 1295 897 1330 ecclefiae
921 1295 1134 1341 possessiones
1160 1295 1294 1330 mensae
1312 1295 1391 1330 suae
1408 1307 1485 1340 per-

202 1379 362 1417 tinentes,
377 1379 481 1412 etiam
499 1378 744 1412 canonicorum
762 1382 797 1411 et
814 1379 1082 1422 capellanorum,
1097 1378 1245 1411 viriliter
1259 1376 1378 1419 (nullis
1393 1388 1484 1411 com-

202 1460 334 1502 putatis
353 1457 519 1503 expensis,
537 1457 674 1492 consilio
691 1464 809 1493 tamen
826 1459 1042 1504 praehabito)
1061 1459 1277 1493 defendebat.

250 1620 379 1659 Primo,
408 1620 478 1654 Ubi
506 1620 660 1653 Thomas
691 1620 841 1654 Lawder
868 1622 943 1666 ejus
969 1619 1189 1665 predecessor,
1212 1621 1383 1655 Jacobum
1415 1621 1482 1654 Fo-

200 1702 366 1746 thringay
392 1701 493 1745 super
517 1699 647 1746 injusta
673 1702 871 1735 detentione
901 1707 1075 1736 terrarum
1107 1701 1408 1736 ecclesiasticarum
1440 1703 1481 1735 de

203 1782 349 1814 Fordale
363 1783 398 1815 in
411 1782 508 1814 litem
522 1782 663 1826 longam
678 1786 833 1815 traxerat
845 1792 853 1821 ;
880 1782 936 1815 sed
950 1784 1032 1826 quia
1046 1782 1100 1825 (ut
1113 1783 1306 1827 dicebatur)
1321 1783 1481 1816 Andreas

200 1862 360 1895 dominus
368 1861 650 1901 Avanda1e‚tunc
662 1862 795 1896 Scotiae
809 1864 1146 1902 cancella1·ius‚laicis
1161 1869 1282 1898 contra
1295 1862 1479 1903 ecclesiam,

200 1943 259 1976 ubi
278 1940 429 1986 poss'cffio
457 1954 526 1976 non
553 1948 627 1976 erat
650 1944 802 1987 pacifica,
826 1943 977 1983 favebat,
1002 1944 1095 1977 dicto
1119 1944 1322 1988 praesertim
1339 1945 1480 1985 Jacobo‚

198 2025 281 2068 quia
298 2022 360 2057 fibi
379 2025 415 2057 in
432 2024 608 2058 hominem
627 2024 801 2070 obligatus
819 2030 904 2064 erat,
922 2026 1113 2071 negotium,
1132 2026 1192 2059 lite
1209 2027 1357 2071 incepta,
1375 2028 1479 2061 finem

199 2106 234 2139 in
253 2106 349 2139 curia
365 2105 474 2151 Regis
496 2117 566 2140 non
584 2105 727 2140 habuit:
754 2106 837 2141 Ideo
855 2107 947 2141 idem
967 2106 1120 2141 Thomas
1145 2106 1214 2141 suis
1239 2106 1479 2143 successoribus
