1837 2698
388 304 526 335 VITAE
549 303 880 336 EPISCOPORUM
901 302 1308 335 DUNKELDENSIUM.
1438 306 1482 336 43

212 414 294 446 dicti
312 414 420 457 patris
435 413 644 454 authentico,
658 418 692 447 et
705 413 879 447 communi
897 413 1051 456 capituli,
1070 422 1213 455 meaque
1227 409 1481 453 subscriptione,

212 493 384 527 roborata.

265 654 342 687 Hoc
359 656 556 688 mirandum
575 656 668 699 quod
686 655 839 699 sequitur
857 667 991 688 mecum
1004 655 1161 700 judicavi
1180 664 1249 687 non
1267 658 1486 696 praetereun-

214 736 308 769 dum.
346 735 545 779 Antequam
560 733 730 769 ecclesiam
744 736 962 774 fundaverat,
981 736 1106 768 timens
1120 733 1248 778 pestem
1262 745 1323 777 per
1336 734 1485 776 patriam

215 817 396 860 pullulare,
415 818 532 849 volens
549 817 730 860 providere
753 817 795 848 de
819 813 1039 848 ecclesiastica
1062 815 1247 858 sepultura,
1272 814 1486 847 cemiterium

216 894 374 941 signavit,
401 897 528 930 dicavit
554 901 588 929 et
613 897 814 935 benedixit3
841 895 1074 939 quosdamque
1098 894 1191 939 peste
1216 895 1423 933 laborantes,
1449 895 1486 927 in

217 978 317 1010 terris
335 976 403 1010 suis
421 974 649 1010 ecclesiasticis
672 977 714 1009 de
735 976 880 1020 Capeth,
905 974 1068 1015 visitavit,
1093 980 1127 1009 et
1151 975 1363 1009 sacramenta
1386 976 1489 1008 eccle-

217 1054 347 1090 fiastiea
364 1057 412 1089 eis
430 1055 617 1090 ministrari
638 1057 742 1090 fecit:
778 1056 902 1090 Altera
920 1067 1001 1090 vero
1019 1057 1073 1089 die
1092 1066 1218 1100 aquam
1235 1056 1316 1089 fecit
1334 1055 1490 1088 benedic-

218 1143 300 1177 tam,
322 1139 359 1171 in
376 1150 446 1182 qua
463 1139 594 1171 lavavit
611 1149 648 1171 os
666 1138 758 1171 beati
777 1138 976 1176 Columbae,
1001 1143 1035 1171 et
1056 1149 1135 1171 cum
1159 1138 1361 1170 cancellario
1380 1137 1428 1170 eis
1446 1137 1489 1169 ad

218 1219 405 1252 bibendum
431 1217 532 1257 misit,
559 1230 664 1262 quam
689 1219 791 1251 multi
817 1219 1019 1261 recipientes
1045 1217 1116 1251 sani
1142 1217 1225 1251 facti
1250 1217 1339 1250 sunt.
1390 1216 1491 1250 Unus

221 1311 302 1333 vero
319 1297 480 1343 proterve
499 1300 701 1332 cancellario
718 1298 902 1342 respondit,
924 1302 944 1316 ‘⁶
962 1299 1055 1337 Quid
1073 1299 1182 1331 mittit
1199 1298 1298 1331 nobis
1316 1297 1492 1342 episcopus

220 1391 345 1424 aquam
363 1381 406 1413 ad
424 1380 640 1413 bibendum?
667 1380 805 1412 mallem
824 1377 959 1413 mififfet
973 1379 1077 1413 michi
1092 1380 1260 1423 optimam
1274 1378 1370 1412 suam
1384 1379 1493 1412 cervi-

222 1459 334 1494 fiam.'’
372 1461 435 1494 Ille
453 1473 545 1500 vero,
564 1472 642 1494 cum
660 1462 802 1504 reliquis
821 1472 946 1504 aquam
965 1460 1109 1493 Sanctae
1124 1460 1312 1493 Columbae
1326 1472 1394 1493 non
1410 1461 1494 1493 reci-

222 1541 408 1586 pientibus,
427 1542 462 1574 in
480 1540 573 1585 peste
591 1541 763 1580 obierunt,
785 1545 818 1574 et
836 1541 879 1574 ad
896 1551 1082 1573 numerum
1100 1541 1246 1586 triginta
1262 1540 1495 1585 personarum,

224 1623 259 1655 in
277 1633 347 1655 uno
365 1621 457 1654 infra
474 1622 606 1654 dictum
624 1622 839 1654 cemiterium
857 1627 1094 1661 monumento,
1112 1621 1234 1666 sepulti
1252 1620 1340 1655 sunt.

276 1781 501 1816 Postmodum
524 1794 606 1816 vero
630 1784 837 1829 intelligens,
864 1786 1030 1828 populum
1057 1785 1229 1817 dictarum
1255 1784 1498 1827 parochiarum

228 1868 419 1902 auctum‚et
433 1864 466 1895 in
478 1862 708 1907 superioribus
720 1865 877 1908 partibus
889 1866 930 1898 de
943 1865 1076 1908 Capeth
1089 1864 1271 1908 parochiae
1285 1866 1426 1908 ydioma
1437 1864 1500 1899 effe

231 1944 469 1983 Hibernicum,
483 1945 560 1977 ideo
579 1945 622 1977 ad
636 1945 711 1984 hoc,
724 1946 761 1978 in
778 1946 908 1978 honore
919 1947 1019 1978 divae
1037 1946 1159 1978 matris
1173 1945 1309 1985 Annae,
1327 1944 1499 1980 ecclefiam

230 2025 461 2069 parochialem
480 2026 572 2058 inter
589 2036 731 2058 nemora
741 2026 777 2058 in
790 2030 882 2059 terra
899 2025 959 2059 sua
976 2023 1196 2059 ecelefiastica
1214 2024 1278 2059 fita
1298 2027 1340 2060 de
1350 2026 1501 2072 Dowaly

231 2104 433 2145 construxit,
445 2106 630 2145 dotavit‚et
641 2105 796 2139 mansum
809 2117 872 2150 pro
883 2105 1071 2150 presbitero
1083 2104 1369 2152 affignavit,ficut
1380 2119 1503 2142 monu-

232 2192 388 2221 mentum
406 2186 560 2231 desuper,
575 2187 751 2221 autentica
767 2187 881 2221 forma
897 2192 1114 2232 conceptum,
1128 2188 1171 2221 ad
1188 2189 1328 2232 plenum
1346 2187 1502 2223 testatur.
