1837 2698
414 316 552 347 VITAE
575 315 909 348 EPISCOPORUM
931 315 1338 347 DUNKELDENSIUM.
1512 320 1533 353 9

251 429 286 458 et
297 425 333 458 iu
344 423 552 459 monasterio
564 425 681 459 Sancti
694 425 882 459 Columbae
893 424 1022 458 insulae
1034 426 1076 458 de
1087 424 1249 464 Emonia,
1261 421 1348 457 ficut
1359 423 1531 457 Ricardus

251 506 293 538 de
307 506 480 549 prebenda
494 507 569 551 ejus
584 505 824 551 praedeceffor,
842 505 995 549 sepultus
1014 504 1073 545 est,
1091 517 1183 539 anno
1200 505 1332 538 domini
1352 502 1530 538 millefimo
1556 504 1597 535 A.
1605 504 1646 536 D.
1663 507 1752 535 1214.

251 586 482 622 ducentesimo
501 590 632 623 decimo
650 593 785 633 quarto.
838 588 904 621 Cui
922 585 1074 621 succeffit

306 830 457 870 HUGO,
475 832 587 865 dictus
607 831 714 877 Hugo
732 832 774 865 de
792 831 971 870 SIGILLO‚
989 830 1179 864 monachus
1197 830 1239 863 de
1258 829 1427 863 Arbroth.
1468 830 1537 863 Hic

253 913 308 945 vir
326 910 615 946 mansuetissimus
633 913 712 951 fuit,
730 913 789 956 pia
806 913 899 956 apud
916 923 1084 955 pauperes
1104 910 1233 944 viscera
1250 921 1374 956 gerens
1393 911 1477 944 adeo
1495 916 1536 944 ut

252 1003 445 1036 pauperum
460 992 636 1037 episeopus
651 994 764 1026 dictus
782 991 852 1033 est3
878 991 933 1026 sed
952 1004 1031 1026 cum
1049 993 1206 1026 nondum
1224 1003 1315 1025 anno
1333 1003 1404 1025 uno
1423 992 1538 1026 cathe-

251 1074 351 1107 dram
368 1072 515 1114 rexisset,
534 1079 655 1108 octavo
674 1073 759 1108 Idus
776 1073 799 1107 J
801 1074 938 1107 anuarii
956 1074 1053 1107 obiit.
1104 1073 1154 1107 Et
1172 1074 1203 1107 ei
1221 1070 1372 1107 succeffit

302 1318 585 1352 GILBERTUS
606 1317 794 1362 episcopus,
817 1318 877 1361 qui
900 1317 986 1351 sedit
1008 1318 1108 1350 annis
1128 1317 1254 1361 viginti
1272 1316 1419 1355 duobus,
1442 1327 1534 1349 mor-

255 1399 401 1443 tuusque
419 1398 478 1439 est,
502 1405 536 1433 et
553 1398 707 1443 sepultus
725 1400 761 1432 in
780 1397 891 1432 insula
909 1397 1071 1437 Emonia,
1096 1409 1187 1431 anno
1205 1397 1338 1430 domini
1356 1394 1535 1431 millesimo

253 1478 484 1514 ducentefimo
501 1478 678 1526 trigefimo
694 1479 799 1519 sexto,
823 1480 996 1513 dominica
1013 1490 1101 1523 quae
1119 1479 1246 1512 dicitur
1264 1479 1300 1511 in
1318 1478 1415 1512 albis.
1467 1478 1533 1513 Cui
1558 1477 1646 1509 A.D.
1664 1479 1753 1508 1236.

252 1559 402 1595 succeffit

304 1805 598 1846 GALFRIDUS,
617 1807 672 1839 vir
688 1807 726 1839 in
742 1804 883 1839 servitio
900 1805 1020 1838 divino
1035 1803 1166 1838 zelosus
1181 1815 1188 1838 :
1212 1803 1288 1849 post
1305 1803 1539 1848 episcopatum

256 1885 415 1925 divisum,
439 1897 567 1920 novam
591 1887 673 1920 fecit
694 1887 900 1920 erectionem
919 1887 963 1920 ad
980 1884 1089 1919 instar
1106 1883 1263 1919 ecclefiae
1281 1885 1417 1918 Sarum.
1471 1884 1540 1918 Hic

256 1969 321 2007 vir,
342 1973 484 2011 propter
501 1967 597 2001 suam
615 1968 835 2012 probitatem,
858 1969 895 2001 in
914 1967 1110 2011 episcopum
1128 1967 1247 2000 Sancti
1264 1966 1438 2006 Andreae,
1463 1964 1540 2011 post

255 2047 421 2083 deceffum
440 2049 622 2084 Willielmi
647 2049 826 2094 Malwesy,
849 2061 941 2084 anno
959 2050 1091 2083 domini
1109 2046 1289 2083 millefimo
1307 2046 1538 2083 ducentefimo

885 2139 907 2163 B
