1837 2698
461 298 600 329 VITAE
622 298 955 330 EPISCOPORUM
977 299 1385 330 DUNKELDENSIUM.
1523 306 1566 339 527

338 488 658 523 ALEXANDER
683 490 864 524 YNGLIS
889 489 1044 524 ecclesiae
1070 488 1323 524 Dunkeldenfis
1349 491 1508 528 decanus,
1536 496 1570 523 et

290 570 406 604 Sancti
424 570 586 604 Andreae
603 571 879 605 Archidiaconus
897 573 1107 615 principalis,
1131 573 1167 604 in
1189 572 1334 605 decretis
1362 572 1569 609 licentiatus,

289 653 432 685 clericus
458 654 653 686 rotulorum
675 657 709 686 et
735 651 871 697 registri
898 664 936 686 ac
962 654 1097 686 concilii
1124 652 1274 696 supremi
1301 654 1435 686 domini
1462 651 1569 685 nostri

291 734 396 779 Regis
415 734 535 767 Jacobi
562 735 667 774 tertii,
686 735 740 767 vir
766 736 1009 779 magnanimus
1036 739 1069 768 et
1095 735 1258 778 prudens,
1276 746 1338 778 per
1366 734 1497 779 Regem
1525 735 1568 766 ad

290 815 522 860 episcopatum
546 817 757 856 nominatus,
775 822 809 850 et
833 818 988 849 omnium
1011 817 1194 850 curialium
1216 816 1335 849 favore
1357 814 1568 859 assumptus:

290 896 346 929 sed
365 897 480 940 Papae
503 897 800 931 confirmationem
821 876 890 931 non
911 898 1074 937 obtinuit,
1092 909 1132 931 eo
1152 898 1245 941 quod
1269 902 1448 941 promotus
1467 895 1516 930 est
1534 898 1571 929 in

255 980 259 983 ’
292 978 450 1012 Romana
466 979 563 1012 curia

339 1222 606 1256 GEORGEUS
632 1223 853 1256 BROWNE
881 1221 1036 1257 ecclesiae
1054 1221 1309 1257 Aberdonenfis
1337 1225 1571 1263 cancellarius,

290 1315 328 1336 ac
347 1309 457 1337 rector
478 1305 519 1337 de
540 1304 783 1349 Tynyngame,
808 1304 927 1338 Sancti
946 1304 1108 1338 Andreae
1131 1304 1299 1338 dioceseos
1318 1304 1444 1338 Dunde
1462 1310 1570 1344 ortus,

291 1390 387 1428 patre
402 1385 559 1431 Georgeo
573 1386 724 1420 Browne
744 1386 847 1432 burgi
865 1386 1090 1427 thesaurario,
1102 1388 1236 1420 domini
1255 1388 1296 1420 de
1311 1386 1477 1431 Mydmar
1490 1387 1571 1426 filio,

289 1465 452 1499 Johanna
475 1466 648 1510 Balbirny
674 1473 807 1507 matre3
847 1468 974 1501 ibidem
1004 1468 1269 1512 grammaticam
1294 1469 1426 1507 doctus,
1455 1468 1571 1502 Sancti

290 1546 451 1580 Andreae
469 1549 513 1581 ad
530 1552 668 1592 tempus
686 1549 724 1581 in
741 1548 875 1582 artibus
893 1547 1044 1587 studens
1064 1547 1205 1582 Parisiis
1224 1547 1274 1582 est
1290 1550 1492 1594 graduatus.
1511 1548 1569 1581 Ad

289 1632 403 1671 partes
425 1629 574 1668 rediens,
591 1629 693 1663 initio
711 1628 816 1663 studii
838 1630 873 1663 in
897 1630 1040 1675 collegio
1063 1629 1181 1663 Sancti
1200 1629 1392 1664 Salvatoris
1410 1635 1568 1673 receptus

289 1707 337 1742 est
355 1714 506 1753 quatuor
527 1711 722 1755 regentium
742 1722 844 1744 unus.
876 1711 919 1744 In
937 1709 1164 1755 presbiterum
1190 1722 1252 1754 per
1271 1710 1446 1744 Thomam
1468 1711 1571 1744 Law-

289 1790 349 1822 der
366 1789 559 1834 episcopum
574 1792 790 1835 praedictum
805 1790 854 1825 est
872 1793 1063 1831 ordinatus,
1078 1790 1243 1836 vigesimo
1257 1791 1351 1825 sexto
1366 1791 1465 1831 Maii,
1479 1803 1570 1825 anno

291 1870 422 1903 domini
446 1869 625 1905 millesimo
646 1871 985 1918 quadringentesimo
1006 1870 1214 1918 sexagesimo
1238 1878 1372 1917 quarto.
1424 1872 1483 1906 Ad
1502 1873 1572 1907 Ro-

290 1963 426 1985 manam
449 1953 592 1991 curiam,
615 1964 678 1997 pro
701 1955 917 1997 promotione
942 1953 1102 1999 Magistri
1128 1954 1269 1999 Georgii
1295 1954 1503 1988 Carmichell
1532 1956 1568 1988 in

292 2032 487 2077 episcopum
506 2033 761 2079 Glasguensem,
779 2040 895 2068 orator
913 2036 995 2068 dicti
1014 2036 1121 2080 Regis
1140 2026 1256 2069 missus
1279 2034 1348 2075 est3
1377 2036 1448 2075 ubi,
1467 2042 1570 2070 notus

292 2115 405 2148 coetui
424 2115 662 2155 cardinalium,
680 2127 722 2149 ex
740 2115 936 2160 frequentia
953 2127 1056 2161 quam
1081 2117 1207 2150 ibidem
1226 2117 1360 2156 habuit,
1387 2117 1568 2153 familiaris
