<?xml version="1.0" encoding="UTF-8"?>
<!DOCTYPE html PUBLIC "-//W3C//DTD XHTML 1.0 Transitional//EN"
    "http://www.w3.org/TR/xhtml1/DTD/xhtml1-transitional.dtd">
<html xmlns="http://www.w3.org/1999/xhtml" xml:lang="en" lang="en">
 <head>
  <title>
</title>
<meta http-equiv="Content-Type" content="text/html;charset=utf-8" />
  <meta name='ocr-system' content='tesseract 3.04.00' />
  <meta name='ocr-capabilities' content='ocr_page ocr_carea ocr_par ocr_line ocrx_word'/>
</head>
<body>
  <div class='ocr_page' id='page_1' title='image "./vitaedunkeldensi00myln_0117.png"; bbox 0 0 1837 2698; ppageno 0'>
   <div class='ocr_carea' id='block_1_1' title="bbox 641 302 1557 339">
    <p class='ocr_par' dir='ltr' id='par_1_1' title="bbox 641 302 1557 339">
     <span class='ocr_line' id='line_1_1' title="bbox 641 302 1557 339; baseline -0.007 -4"><span class='ocrx_word' id='word_1_1' title='bbox 641 303 806 336; x_wconf 93' lang='lat' dir='ltr'>PONTIS</span> <span class='ocrx_word' id='word_1_2' title='bbox 829 302 1189 336; x_wconf 88' lang='lat' dir='ltr'>DUNKELDENSIS.</span> <span class='ocrx_word' id='word_1_3' title='bbox 1513 304 1557 339; x_wconf 80' lang='grc'>93</span> 
     </span>
    </p>
   </div>
   <div class='ocr_carea' id='block_1_2' title="bbox 267 410 1556 2155">
    <p class='ocr_par' dir='ltr' id='par_1_2' title="bbox 267 410 1556 2155">
     <span class='ocr_line' id='line_1_2' title="bbox 274 410 1553 457; baseline -0.004 -11"><span class='ocrx_word' id='word_1_4' title='bbox 274 412 432 446; x_wconf 82' lang='lat' dir='ltr'>denarios</span> <span class='ocrx_word' id='word_1_5' title='bbox 457 417 492 446; x_wconf 86' lang='lat' dir='ltr'>et</span> <span class='ocrx_word' id='word_1_6' title='bbox 517 424 556 446; x_wconf 90' lang='lat' dir='ltr'>eo</span> <span class='ocrx_word' id='word_1_7' title='bbox 579 413 734 457; x_wconf 88' lang='lat' dir='ltr'><strong>presente</strong></span> <span class='ocrx_word' id='word_1_8' title='bbox 759 419 836 448; x_wconf 85' lang='lat' dir='ltr'>octo</span> <span class='ocrx_word' id='word_1_9' title='bbox 861 414 1019 447; x_wconf 84' lang='lat' dir='ltr'>denarios</span> <span class='ocrx_word' id='word_1_10' title='bbox 1043 424 1121 446; x_wconf 91' lang='lat' dir='ltr'>cum</span> <span class='ocrx_word' id='word_1_11' title='bbox 1147 411 1294 456; x_wconf 86' lang='lat' dir='ltr'>prandio</span> <span class='ocrx_word' id='word_1_12' title='bbox 1317 410 1498 443; x_wconf 83' lang='lat' dir='ltr'>extenden.</span> <span class='ocrx_word' id='word_1_13' title='bbox 1516 410 1553 442; x_wconf 88' lang='lat' dir='ltr'>in</span> 
     </span>
     <span class='ocr_line' id='line_1_3' title="bbox 273 490 1556 540; baseline -0.003 -14"><span class='ocrx_word' id='word_1_14' title='bbox 273 494 421 537; x_wconf 84' lang='lat' dir='ltr'>pecunia</span> <span class='ocrx_word' id='word_1_15' title='bbox 444 494 486 527; x_wconf 88' lang='lat' dir='ltr'>ad</span> <span class='ocrx_word' id='word_1_16' title='bbox 511 494 548 538; x_wconf 87' lang='lat' dir='ltr'>iij</span> <span class='ocrx_word' id='word_1_17' title='bbox 569 495 604 528; x_wconf 91' lang='lat' dir='ltr'>Ii.</span> <span class='ocrx_word' id='word_1_18' title='bbox 623 496 684 540; x_wconf 89' lang='lat' dir='ltr'>viij</span> <span class='ocrx_word' id='word_1_19' title='bbox 704 498 728 528; x_wconf 72' lang='grc' dir='ltr'>ἔ.</span> <span class='ocrx_word' id='word_1_20' title='bbox 780 495 829 528; x_wconf 90' lang='lat' dir='ltr'>Et</span> <span class='ocrx_word' id='word_1_21' title='bbox 851 496 1018 528; x_wconf 82' lang='lat' dir='ltr'>allocatur</span> <span class='ocrx_word' id='word_1_22' title='bbox 1040 495 1150 527; x_wconf 83' lang='lat' dir='ltr'>eidem</span> <span class='ocrx_word' id='word_1_23' title='bbox 1174 494 1243 526; x_wconf 85' lang='lat' dir='ltr'>dat.</span> <span class='ocrx_word' id='word_1_24' title='bbox 1265 492 1374 525; x_wconf 85' lang='lat' dir='ltr'>eidem</span> <span class='ocrx_word' id='word_1_25' title='bbox 1402 490 1556 523; x_wconf 84' lang='lat' dir='ltr'>Johanni</span> 
     </span>
     <span class='ocr_line' id='line_1_4' title="bbox 272 571 1554 619; baseline -0.003 -12"><span class='ocrx_word' id='word_1_26' title='bbox 272 573 316 607; x_wconf 85' lang='lat' dir='ltr'>ab</span> <span class='ocrx_word' id='word_1_27' title='bbox 337 575 460 607; x_wconf 88' lang='lat' dir='ltr'>ultimo</span> <span class='ocrx_word' id='word_1_28' title='bbox 485 575 508 607; x_wconf 86' lang='lat' dir='ltr'><strong>J</strong></span> <span class='ocrx_word' id='word_1_29' title='bbox 510 576 585 608; x_wconf 88' lang='lat' dir='ltr'>unii</span> <span class='ocrx_word' id='word_1_30' title='bbox 610 576 647 608; x_wconf 87' lang='lat' dir='ltr'>in</span> <span class='ocrx_word' id='word_1_31' title='bbox 665 576 836 609; x_wconf 86' lang='lat' dir='ltr'>decimum</span> <span class='ocrx_word' id='word_1_32' title='bbox 854 574 988 608; x_wconf 83' lang='lat' dir='ltr'>sextum</span> <span class='ocrx_word' id='word_1_33' title='bbox 1007 572 1158 619; x_wconf 83' lang='lat' dir='ltr'>Augusti</span> <span class='ocrx_word' id='word_1_34' title='bbox 1184 574 1220 606; x_wconf 90' lang='lat' dir='ltr'>in</span> <span class='ocrx_word' id='word_1_35' title='bbox 1238 584 1329 606; x_wconf 88' lang='lat' dir='ltr'>anno</span> <span class='ocrx_word' id='word_1_36' title='bbox 1346 571 1478 605; x_wconf 90' lang='lat' dir='ltr'>domini</span> <span class='ocrx_word' id='word_1_37' title='bbox 1497 575 1554 604; x_wconf 59' lang='lat' dir='ltr'>‘&#39;th</span> 
     </span>
     <span class='ocr_line' id='line_1_5' title="bbox 272 654 1554 700; baseline -0.002 -13"><span class='ocrx_word' id='word_1_38' title='bbox 272 656 306 686; x_wconf 76' lang='lat' dir='ltr'>vc</span> <span class='ocrx_word' id='word_1_39' title='bbox 323 655 456 689; x_wconf 88' lang='lat' dir='ltr'>decimo</span> <span class='ocrx_word' id='word_1_40' title='bbox 481 657 588 689; x_wconf 82' lang='lat' dir='ltr'>tercio</span> <span class='ocrx_word' id='word_1_41' title='bbox 609 657 738 700; x_wconf 87' lang='lat' dir='ltr'>capien.</span> <span class='ocrx_word' id='word_1_42' title='bbox 761 668 823 700; x_wconf 89' lang='lat' dir='ltr'>per</span> <span class='ocrx_word' id='word_1_43' title='bbox 845 657 936 689; x_wconf 90' lang='lat' dir='ltr'>diem</span> <span class='ocrx_word' id='word_1_44' title='bbox 961 654 1105 688; x_wconf 88' lang='lat' dir='ltr'>sedecim</span> <span class='ocrx_word' id='word_1_45' title='bbox 1123 654 1282 688; x_wconf 85' lang='lat' dir='ltr'>denarios</span> <span class='ocrx_word' id='word_1_46' title='bbox 1301 657 1336 686; x_wconf 78' lang='lat' dir='ltr'>et</span> <span class='ocrx_word' id='word_1_47' title='bbox 1353 662 1554 695; x_wconf 84' lang='lat' dir='ltr'>componen.</span> 
     </span>
     <span class='ocr_line' id='line_1_6' title="bbox 272 733 1554 780; baseline -0.003 -12"><span class='ocrx_word' id='word_1_48' title='bbox 272 746 379 769; x_wconf 88' lang='lat' dir='ltr'>vnum</span> <span class='ocrx_word' id='word_1_49' title='bbox 404 747 467 779; x_wconf 86' lang='lat' dir='ltr'>par</span> <span class='ocrx_word' id='word_1_50' title='bbox 483 741 642 770; x_wconf 86' lang='lat' dir='ltr'>rotarum</span> <span class='ocrx_word' id='word_1_51' title='bbox 661 748 700 770; x_wconf 88' lang='lat' dir='ltr'>ac</span> <span class='ocrx_word' id='word_1_52' title='bbox 717 738 831 770; x_wconf 87' lang='lat' dir='ltr'>dolan.</span> <span class='ocrx_word' id='word_1_53' title='bbox 849 748 912 780; x_wconf 90' lang='lat' dir='ltr'>pro</span> <span class='ocrx_word' id='word_1_54' title='bbox 930 736 1088 780; x_wconf 84' lang='lat' dir='ltr'>pluribus</span> <span class='ocrx_word' id='word_1_55' title='bbox 1106 736 1202 780; x_wconf 83' lang='lat' dir='ltr'>ligna</span> <span class='ocrx_word' id='word_1_56' title='bbox 1220 735 1315 778; x_wconf 87' lang='lat' dir='ltr'>operi</span> <span class='ocrx_word' id='word_1_57' title='bbox 1338 738 1420 776; x_wconf 83' lang='lat' dir='ltr'>apta</span> <span class='ocrx_word' id='word_1_58' title='bbox 1437 733 1510 777; x_wconf 83' lang='lat' dir='ltr'>xlvj</span> <span class='ocrx_word' id='word_1_59' title='bbox 1530 734 1554 764; x_wconf 70' lang='grc' dir='ltr'>ἔ.</span> 
     </span>
     <span class='ocr_line' id='line_1_7' title="bbox 271 814 1555 861; baseline -0.003 -11"><span class='ocrx_word' id='word_1_60' title='bbox 271 816 321 850; x_wconf 84' lang='lat' dir='ltr'>Et</span> <span class='ocrx_word' id='word_1_61' title='bbox 338 818 507 850; x_wconf 83' lang='lat' dir='ltr'>auocatur</span> <span class='ocrx_word' id='word_1_62' title='bbox 524 818 633 850; x_wconf 88' lang='lat' dir='ltr'>eidem</span> <span class='ocrx_word' id='word_1_63' title='bbox 652 828 714 861; x_wconf 85' lang='lat' dir='ltr'>per</span> <span class='ocrx_word' id='word_1_64' title='bbox 732 818 975 850; x_wconf 86' lang='lat' dir='ltr'>liberacionem</span> <span class='ocrx_word' id='word_1_65' title='bbox 993 816 1121 849; x_wconf 85' lang='lat' dir='ltr'>factam</span> <span class='ocrx_word' id='word_1_66' title='bbox 1139 815 1162 848; x_wconf 85' lang='lat' dir='ltr'><strong>J</strong></span> <span class='ocrx_word' id='word_1_67' title='bbox 1165 815 1295 848; x_wconf 86' lang='lat' dir='ltr'>ohanni</span> <span class='ocrx_word' id='word_1_68' title='bbox 1313 814 1464 857; x_wconf 86' lang='lat' dir='ltr'>Scharpe</span> <span class='ocrx_word' id='word_1_69' title='bbox 1482 824 1555 846; x_wconf 84' lang='lat' dir='ltr'>car-</span> 
     </span>
     <span class='ocr_line' id='line_1_8' title="bbox 270 891 1554 941; baseline -0.003 -11"><span class='ocrx_word' id='word_1_70' title='bbox 270 897 428 940; x_wconf 84' lang='lat' dir='ltr'>pentario</span> <span class='ocrx_word' id='word_1_71' title='bbox 445 897 599 930; x_wconf 83' lang='lat' dir='ltr'>laboran.</span> <span class='ocrx_word' id='word_1_72' title='bbox 619 908 698 930; x_wconf 89' lang='lat' dir='ltr'>cum</span> <span class='ocrx_word' id='word_1_73' title='bbox 717 897 856 930; x_wconf 85' lang='lat' dir='ltr'>Thoma</span> <span class='ocrx_word' id='word_1_74' title='bbox 873 897 1025 941; x_wconf 56' lang='lat' dir='ltr'>WVrycht</span> <span class='ocrx_word' id='word_1_75' title='bbox 1043 907 1064 929; x_wconf 86' lang='lat' dir='ltr'>a</span> <span class='ocrx_word' id='word_1_76' title='bbox 1081 893 1245 941; x_wconf 79' lang='lat' dir='ltr'>vigesimo</span> <span class='ocrx_word' id='word_1_77' title='bbox 1262 900 1388 939; x_wconf 87' lang='lat' dir='ltr'>quarto</span> <span class='ocrx_word' id='word_1_78' title='bbox 1401 891 1554 939; x_wconf 86' lang='lat' dir='ltr'>Augusti</span> 
     </span>
     <span class='ocr_line' id='line_1_9' title="bbox 270 973 1553 1022; baseline -0.002 -13"><span class='ocrx_word' id='word_1_79' title='bbox 270 987 361 1010; x_wconf 86' lang='lat' dir='ltr'>anno</span> <span class='ocrx_word' id='word_1_80' title='bbox 376 981 433 1009; x_wconf 52' lang='lat' dir='ltr'>*tc*</span> <span class='ocrx_word' id='word_1_81' title='bbox 449 978 483 1009; x_wconf 82' lang='lat' dir='ltr'>vc</span> <span class='ocrx_word' id='word_1_82' title='bbox 498 978 586 1021; x_wconf 86' lang='lat' dir='ltr'>xij¹¹¹⁰</span> <span class='ocrx_word' id='word_1_83' title='bbox 598 978 635 1010; x_wconf 91' lang='lat' dir='ltr'>in</span> <span class='ocrx_word' id='word_1_84' title='bbox 649 988 721 1010; x_wconf 80' lang='lat' dir='ltr'>xxv</span> <span class='ocrx_word' id='word_1_85' title='bbox 735 977 949 1021; x_wconf 83' lang='lat' dir='ltr'>Septembris</span> <span class='ocrx_word' id='word_1_86' title='bbox 969 976 1121 1022; x_wconf 86' lang='lat' dir='ltr'>ejusdem</span> <span class='ocrx_word' id='word_1_87' title='bbox 1139 977 1222 1009; x_wconf 86' lang='lat' dir='ltr'>anni</span> <span class='ocrx_word' id='word_1_88' title='bbox 1240 973 1405 1009; x_wconf 76' lang='lat' dir='ltr'>inclusive</span> <span class='ocrx_word' id='word_1_89' title='bbox 1423 975 1553 1018; x_wconf 84' lang='lat' dir='ltr'>capien.</span> 
     </span>
     <span class='ocr_line' id='line_1_10' title="bbox 269 1055 1555 1103; baseline -0.002 -13"><span class='ocrx_word' id='word_1_90' title='bbox 269 1057 312 1090; x_wconf 85' lang='lat' dir='ltr'>de</span> <span class='ocrx_word' id='word_1_91' title='bbox 333 1058 388 1090; x_wconf 90' lang='lat' dir='ltr'>die</span> <span class='ocrx_word' id='word_1_92' title='bbox 412 1062 489 1090; x_wconf 89' lang='lat' dir='ltr'>octo</span> <span class='ocrx_word' id='word_1_93' title='bbox 513 1058 672 1092; x_wconf 86' lang='lat' dir='ltr'>denarios</span> <span class='ocrx_word' id='word_1_94' title='bbox 696 1063 731 1092; x_wconf 86' lang='lat' dir='ltr'>et</span> <span class='ocrx_word' id='word_1_95' title='bbox 754 1059 934 1092; x_wconf 83' lang='lat' dir='ltr'>extenden.</span> <span class='ocrx_word' id='word_1_96' title='bbox 953 1059 997 1091; x_wconf 87' lang='lat' dir='ltr'>ad</span> <span class='ocrx_word' id='word_1_97' title='bbox 1016 1058 1143 1103; x_wconf 84' lang='lat' dir='ltr'>viginti</span> <span class='ocrx_word' id='word_1_98' title='bbox 1161 1061 1312 1101; x_wconf 86' lang='lat' dir='ltr'>quatuor</span> <span class='ocrx_word' id='word_1_99' title='bbox 1329 1057 1402 1090; x_wconf 87' lang='lat' dir='ltr'>dies</span> <span class='ocrx_word' id='word_1_100' title='bbox 1419 1055 1555 1089; x_wconf 87' lang='lat' dir='ltr'>mecha-</span> 
     </span>
     <span class='ocr_line' id='line_1_11' title="bbox 268 1137 1554 1184; baseline -0.001 -13"><span class='ocrx_word' id='word_1_101' title='bbox 268 1139 362 1171; x_wconf 85' lang='lat' dir='ltr'>nicas</span> <span class='ocrx_word' id='word_1_102' title='bbox 380 1139 417 1171; x_wconf 87' lang='lat' dir='ltr'>in</span> <span class='ocrx_word' id='word_1_103' title='bbox 435 1139 581 1182; x_wconf 87' lang='lat' dir='ltr'>pecunia</span> <span class='ocrx_word' id='word_1_104' title='bbox 601 1140 660 1184; x_wconf 83' lang='lat' dir='ltr'>xvj</span> <span class='ocrx_word' id='word_1_105' title='bbox 681 1142 705 1173; x_wconf 77' lang='grc' dir='ltr'>ἔ.</span> <span class='ocrx_word' id='word_1_106' title='bbox 757 1139 807 1173; x_wconf 85' lang='lat' dir='ltr'>Et</span> <span class='ocrx_word' id='word_1_107' title='bbox 824 1140 993 1173; x_wconf 86' lang='lat' dir='ltr'>allocatur</span> <span class='ocrx_word' id='word_1_108' title='bbox 1010 1140 1122 1172; x_wconf 85' lang='lat' dir='ltr'>eidem</span> <span class='ocrx_word' id='word_1_109' title='bbox 1139 1150 1201 1182; x_wconf 86' lang='lat' dir='ltr'>per</span> <span class='ocrx_word' id='word_1_110' title='bbox 1218 1138 1431 1182; x_wconf 88' lang='lat' dir='ltr'>empcionem</span> <span class='ocrx_word' id='word_1_111' title='bbox 1450 1137 1554 1170; x_wconf 80' lang='lat' dir='ltr'>unius</span> 
     </span>
     <span class='ocr_line' id='line_1_12' title="bbox 269 1219 1552 1265; baseline -0.001 -13"><span class='ocrx_word' id='word_1_112' title='bbox 269 1219 370 1253; x_wconf 89' lang='lat' dir='ltr'>corde</span> <span class='ocrx_word' id='word_1_113' title='bbox 388 1220 560 1253; x_wconf 84' lang='lat' dir='ltr'>continen.</span> <span class='ocrx_word' id='word_1_114' title='bbox 579 1221 616 1253; x_wconf 91' lang='lat' dir='ltr'>in</span> <span class='ocrx_word' id='word_1_115' title='bbox 634 1221 784 1264; x_wconf 88' lang='lat' dir='ltr'>pondere</span> <span class='ocrx_word' id='word_1_116' title='bbox 803 1227 942 1254; x_wconf 90' lang='lat' dir='ltr'>centum</span> <span class='ocrx_word' id='word_1_117' title='bbox 960 1221 1087 1265; x_wconf 85' lang='lat' dir='ltr'>viginti</span> <span class='ocrx_word' id='word_1_118' title='bbox 1105 1230 1230 1253; x_wconf 87' lang='lat' dir='ltr'>novem</span> <span class='ocrx_word' id='word_1_119' title='bbox 1248 1219 1354 1252; x_wconf 80' lang='lat' dir='ltr'>libras</span> <span class='ocrx_word' id='word_1_120' title='bbox 1372 1219 1552 1251; x_wconf 82' lang='lat' dir='ltr'>extenden.</span> 
     </span>
     <span class='ocr_line' id='line_1_13' title="bbox 269 1298 1554 1344; baseline 0 -12"><span class='ocrx_word' id='word_1_121' title='bbox 269 1300 305 1333; x_wconf 93' lang='lat' dir='ltr'>in</span> <span class='ocrx_word' id='word_1_122' title='bbox 322 1300 469 1344; x_wconf 85' lang='lat' dir='ltr'>pecunia</span> <span class='ocrx_word' id='word_1_123' title='bbox 485 1298 594 1344; x_wconf 80' lang='lat' dir='ltr'>grosse</span> <span class='ocrx_word' id='word_1_124' title='bbox 612 1305 748 1334; x_wconf 86' lang='lat' dir='ltr'>monete</span> <span class='ocrx_word' id='word_1_125' title='bbox 766 1302 809 1334; x_wconf 83' lang='lat' dir='ltr'>ad</span> <span class='ocrx_word' id='word_1_126' title='bbox 827 1302 1009 1334; x_wconf 89' lang='lat' dir='ltr'>duodecim</span> <span class='ocrx_word' id='word_1_127' title='bbox 1027 1300 1151 1334; x_wconf 83' lang='lat' dir='ltr'>solidos</span> <span class='ocrx_word' id='word_1_128' title='bbox 1168 1305 1203 1334; x_wconf 80' lang='lat' dir='ltr'>et</span> <span class='ocrx_word' id='word_1_129' title='bbox 1219 1300 1382 1333; x_wconf 89' lang='lat' dir='ltr'>undecim</span> <span class='ocrx_word' id='word_1_130' title='bbox 1395 1300 1554 1333; x_wconf 85' lang='lat' dir='ltr'>denarios</span> 
     </span>
     <span class='ocr_line' id='line_1_14' title="bbox 269 1379 1555 1426; baseline 0 -13"><span class='ocrx_word' id='word_1_131' title='bbox 269 1379 389 1413; x_wconf 87' lang='lat' dir='ltr'>facien.</span> <span class='ocrx_word' id='word_1_132' title='bbox 404 1381 439 1415; x_wconf 90' lang='lat' dir='ltr'>in</span> <span class='ocrx_word' id='word_1_133' title='bbox 460 1385 599 1415; x_wconf 83' lang='lat' dir='ltr'>moneta</span> <span class='ocrx_word' id='word_1_134' title='bbox 616 1382 716 1426; x_wconf 84' lang='lat' dir='ltr'>regni</span> <span class='ocrx_word' id='word_1_135' title='bbox 735 1381 848 1415; x_wconf 86' lang='lat' dir='ltr'>Scotie</span> <span class='ocrx_word' id='word_1_136' title='bbox 864 1382 927 1426; x_wconf 80' lang='lat' dir='ltr'>xlij</span> <span class='ocrx_word' id='word_1_137' title='bbox 948 1385 972 1415; x_wconf 74' lang='grc' dir='ltr'>ἔ.</span> <span class='ocrx_word' id='word_1_138' title='bbox 1023 1381 1074 1415; x_wconf 85' lang='lat' dir='ltr'>Et</span> <span class='ocrx_word' id='word_1_139' title='bbox 1092 1383 1259 1415; x_wconf 83' lang='lat' dir='ltr'>allocatm·</span> <span class='ocrx_word' id='word_1_140' title='bbox 1276 1382 1388 1414; x_wconf 85' lang='lat' dir='ltr'>eidem</span> <span class='ocrx_word' id='word_1_141' title='bbox 1406 1381 1443 1414; x_wconf 92' lang='lat' dir='ltr'>in</span> <span class='ocrx_word' id='word_1_142' title='bbox 1461 1391 1555 1424; x_wconf 88' lang='lat' dir='ltr'>emp·</span> 
     </span>
     <span class='ocr_line' id='line_1_15' title="bbox 268 1460 1552 1505; baseline 0.001 -12"><span class='ocrx_word' id='word_1_143' title='bbox 268 1460 401 1494; x_wconf 87' lang='lat' dir='ltr'>cionem</span> <span class='ocrx_word' id='word_1_144' title='bbox 427 1462 582 1505; x_wconf 86' lang='lat' dir='ltr'>quinque</span> <span class='ocrx_word' id='word_1_145' title='bbox 601 1463 795 1496; x_wconf 86' lang='lat' dir='ltr'>celdrarum</span> <span class='ocrx_word' id='word_1_146' title='bbox 813 1463 922 1496; x_wconf 89' lang='lat' dir='ltr'>trium</span> <span class='ocrx_word' id='word_1_147' title='bbox 940 1463 1111 1496; x_wconf 90' lang='lat' dir='ltr'>bollarum</span> <span class='ocrx_word' id='word_1_148' title='bbox 1130 1468 1165 1495; x_wconf 88' lang='lat' dir='ltr'>et</span> <span class='ocrx_word' id='word_1_149' title='bbox 1182 1463 1332 1495; x_wconf 88' lang='lat' dir='ltr'>duorum</span> <span class='ocrx_word' id='word_1_150' title='bbox 1356 1462 1552 1495; x_wconf 88' lang='lat' dir='ltr'>modiorum</span> 
     </span>
     <span class='ocr_line' id='line_1_16' title="bbox 269 1541 1552 1586; baseline 0.001 -13"><span class='ocrx_word' id='word_1_151' title='bbox 269 1541 458 1575; x_wconf 86' lang='lat' dir='ltr'>carbonum</span> <span class='ocrx_word' id='word_1_152' title='bbox 475 1541 655 1576; x_wconf 86' lang='lat' dir='ltr'><strong>fabrilium</strong></span> <span class='ocrx_word' id='word_1_153' title='bbox 673 1554 752 1576; x_wconf 91' lang='lat' dir='ltr'>cum</span> <span class='ocrx_word' id='word_1_154' title='bbox 770 1544 875 1576; x_wconf 88' lang='lat' dir='ltr'>naulo</span> <span class='ocrx_word' id='word_1_155' title='bbox 894 1541 1051 1576; x_wconf 86' lang='lat' dir='ltr'>custuma</span> <span class='ocrx_word' id='word_1_156' title='bbox 1073 1548 1108 1576; x_wconf 84' lang='lat' dir='ltr'>et</span> <span class='ocrx_word' id='word_1_157' title='bbox 1133 1541 1179 1576; x_wconf 80' lang='lat' dir='ltr'>lie</span> <span class='ocrx_word' id='word_1_158' title='bbox 1203 1541 1347 1586; x_wconf 72' lang='lat' dir='ltr'>uncostis</span> <span class='ocrx_word' id='word_1_159' title='bbox 1372 1542 1552 1575; x_wconf 86' lang='lat' dir='ltr'>extenden.</span> 
     </span>
     <span class='ocr_line' id='line_1_17' title="bbox 267 1621 1554 1668; baseline 0 -13"><span class='ocrx_word' id='word_1_160' title='bbox 267 1623 312 1655; x_wconf 88' lang='lat' dir='ltr'>ad</span> <span class='ocrx_word' id='word_1_161' title='bbox 326 1622 386 1666; x_wconf 88' lang='lat' dir='ltr'>viij</span> <span class='ocrx_word' id='word_1_162' title='bbox 403 1623 439 1655; x_wconf 91' lang='lat' dir='ltr'>li.</span> <span class='ocrx_word' id='word_1_163' title='bbox 450 1623 499 1668; x_wconf 80' lang='lat' dir='ltr'>xij</span> <span class='ocrx_word' id='word_1_164' title='bbox 516 1626 540 1656; x_wconf 72' lang='grc' dir='ltr'>ἕ.</span> <span class='ocrx_word' id='word_1_165' title='bbox 552 1635 576 1656; x_wconf 79' lang='lat' dir='ltr'>x</span> <span class='ocrx_word' id='word_1_166' title='bbox 589 1621 622 1656; x_wconf 85' lang='lat' dir='ltr'>d.</span> <span class='ocrx_word' id='word_1_167' title='bbox 649 1623 700 1656; x_wconf 83' lang='lat' dir='ltr'>Et</span> <span class='ocrx_word' id='word_1_168' title='bbox 714 1624 883 1657; x_wconf 84' lang='lat' dir='ltr'>auocatur</span> <span class='ocrx_word' id='word_1_169' title='bbox 897 1624 1008 1657; x_wconf 89' lang='lat' dir='ltr'>eidem</span> <span class='ocrx_word' id='word_1_170' title='bbox 1023 1635 1085 1668; x_wconf 89' lang='lat' dir='ltr'>per</span> <span class='ocrx_word' id='word_1_171' title='bbox 1098 1624 1313 1668; x_wconf 87' lang='lat' dir='ltr'>empcionem</span> <span class='ocrx_word' id='word_1_172' title='bbox 1328 1623 1438 1656; x_wconf 85' lang='lat' dir='ltr'>decim</span> <span class='ocrx_word' id='word_1_173' title='bbox 1451 1624 1554 1656; x_wconf 84' lang='lat' dir='ltr'>cadu-</span> 
     </span>
     <span class='ocr_line' id='line_1_18' title="bbox 268 1702 1553 1750; baseline 0.001 -15"><span class='ocrx_word' id='word_1_174' title='bbox 268 1704 382 1736; x_wconf 86' lang='lat' dir='ltr'>lorum</span> <span class='ocrx_word' id='word_1_175' title='bbox 399 1714 462 1746; x_wconf 90' lang='lat' dir='ltr'>pro</span> <span class='ocrx_word' id='word_1_176' title='bbox 480 1702 647 1748; x_wconf 85' lang='lat' dir='ltr'>gestando</span> <span class='ocrx_word' id='word_1_177' title='bbox 665 1709 821 1738; x_wconf 86' lang='lat' dir='ltr'>cemento</span> <span class='ocrx_word' id='word_1_178' title='bbox 838 1705 1002 1738; x_wconf 89' lang='lat' dir='ltr'>lathomis</span> <span class='ocrx_word' id='word_1_179' title='bbox 1017 1705 1051 1750; x_wconf 87' lang='lat' dir='ltr'>vj</span> <span class='ocrx_word' id='word_1_180' title='bbox 1067 1708 1092 1738; x_wconf 71' lang='grc' dir='ltr'>ἒ.</span> <span class='ocrx_word' id='word_1_181' title='bbox 1106 1705 1120 1749; x_wconf 88' lang='lat' dir='ltr'><strong>j</strong></span> <span class='ocrx_word' id='word_1_182' title='bbox 1137 1702 1170 1738; x_wconf 87' lang='lat' dir='ltr'>d.</span> <span class='ocrx_word' id='word_1_183' title='bbox 1196 1704 1246 1738; x_wconf 84' lang='lat' dir='ltr'>Et</span> <span class='ocrx_word' id='word_1_184' title='bbox 1260 1705 1428 1737; x_wconf 85' lang='lat' dir='ltr'>allocatur</span> <span class='ocrx_word' id='word_1_185' title='bbox 1441 1705 1553 1737; x_wconf 87' lang='lat' dir='ltr'>eidem</span> 
     </span>
     <span class='ocr_line' id='line_1_19' title="bbox 268 1766 1549 1832; baseline 0.002 -15"><span class='ocrx_word' id='word_1_186' title='bbox 268 1786 306 1818; x_wconf 88' lang='lat' dir='ltr'>in</span> <span class='ocrx_word' id='word_1_187' title='bbox 323 1782 369 1818; x_wconf 82' lang='lat' dir='ltr'>lie</span> <span class='ocrx_word' id='word_1_188' title='bbox 386 1784 546 1831; x_wconf 66' lang='lat' dir='ltr'>caringis</span> <span class='ocrx_word' id='word_1_189' title='bbox 563 1787 752 1820; x_wconf 87' lang='lat' dir='ltr'>carbonum</span> <span class='ocrx_word' id='word_1_190' title='bbox 770 1799 832 1832; x_wconf 88' lang='lat' dir='ltr'>per</span> <span class='ocrx_word' id='word_1_191' title='bbox 845 1793 984 1832; x_wconf 83' lang='lat' dir='ltr'>tempus</span> <span class='ocrx_word' id='word_1_192' title='bbox 1002 1789 1154 1832; x_wconf 87' lang='lat' dir='ltr'>compoti</span> <span class='ocrx_word' id='word_1_193' title='bbox 1172 1788 1324 1821; x_wconf 90' lang='lat' dir='ltr'>Domino</span> <span class='ocrx_word' id='word_1_194' title='bbox 1342 1785 1480 1820; x_wconf 80' lang='lat' dir='ltr'>absente</span> <span class='ocrx_word' id='word_1_195' title='bbox 1498 1766 1549 1831; x_wconf 64' lang='lat' dir='ltr'>iiij</span> 
     </span>
     <span class='ocr_line' id='line_1_20' title="bbox 268 1863 1552 1911; baseline 0.003 -14"><span class='ocrx_word' id='word_1_196' title='bbox 268 1868 293 1898; x_wconf 68' lang='grc' dir='ltr'>ἓ.</span> <span class='ocrx_word' id='word_1_197' title='bbox 306 1865 340 1910; x_wconf 89' lang='lat' dir='ltr'>vj</span> <span class='ocrx_word' id='word_1_198' title='bbox 353 1863 387 1899; x_wconf 85' lang='lat' dir='ltr'>d.</span> <span class='ocrx_word' id='word_1_199' title='bbox 422 1865 472 1900; x_wconf 86' lang='lat' dir='ltr'>Et</span> <span class='ocrx_word' id='word_1_200' title='bbox 485 1868 654 1901; x_wconf 83' lang='lat' dir='ltr'>allocatur</span> <span class='ocrx_word' id='word_1_201' title='bbox 665 1868 775 1901; x_wconf 90' lang='lat' dir='ltr'>eidem</span> <span class='ocrx_word' id='word_1_202' title='bbox 789 1879 851 1911; x_wconf 87' lang='lat' dir='ltr'>per</span> <span class='ocrx_word' id='word_1_203' title='bbox 862 1867 1068 1902; x_wconf 89' lang='lat' dir='ltr'>solucionem</span> <span class='ocrx_word' id='word_1_204' title='bbox 1080 1868 1208 1902; x_wconf 82' lang='lat' dir='ltr'>factam</span> <span class='ocrx_word' id='word_1_205' title='bbox 1221 1866 1450 1901; x_wconf 89' lang='lat' dir='ltr'>servientibus</span> <span class='ocrx_word' id='word_1_206' title='bbox 1462 1868 1552 1901; x_wconf 86' lang='lat' dir='ltr'>circa</span> 
     </span>
     <span class='ocr_line' id='line_1_21' title="bbox 268 1926 1547 1992; baseline 0.002 -15"><span class='ocrx_word' id='word_1_207' title='bbox 268 1942 315 1978; x_wconf 82' lang='lat' dir='ltr'>lie</span> <span class='ocrx_word' id='word_1_208' title='bbox 328 1943 488 1979; x_wconf 74' lang='lat' dir='ltr'>bulwarlc</span> <span class='ocrx_word' id='word_1_209' title='bbox 505 1951 539 1980; x_wconf 85' lang='lat' dir='ltr'>et</span> <span class='ocrx_word' id='word_1_210' title='bbox 557 1944 650 1992; x_wconf 74' lang='lat' dir='ltr'>Croy</span> <span class='ocrx_word' id='word_1_211' title='bbox 666 1959 731 1991; x_wconf 86' lang='lat' dir='ltr'>pro</span> <span class='ocrx_word' id='word_1_212' title='bbox 748 1948 946 1982; x_wconf 84' lang='lat' dir='ltr'>municione</span> <span class='ocrx_word' id='word_1_213' title='bbox 964 1949 1150 1981; x_wconf 83' lang='lat' dir='ltr'>earundem</span> <span class='ocrx_word' id='word_1_214' title='bbox 1170 1948 1290 1992; x_wconf 55' lang='lat' dir='ltr'>iij&#39;o‘vij</span> <span class='ocrx_word' id='word_1_215' title='bbox 1311 1948 1346 1980; x_wconf 88' lang='lat' dir='ltr'>li.</span> <span class='ocrx_word' id='word_1_216' title='bbox 1365 1947 1436 1992; x_wconf 84' lang='lat' dir='ltr'>xvij</span> <span class='ocrx_word' id='word_1_217' title='bbox 1457 1950 1482 1980; x_wconf 75' lang='grc' dir='ltr'>ἔ.</span> <span class='ocrx_word' id='word_1_218' title='bbox 1496 1926 1547 1992; x_wconf 60' lang='lat' dir='ltr'>i‘i&#39;ij</span> 
     </span>
     <span class='ocr_line' id='line_1_22' title="bbox 268 2023 1549 2072; baseline 0.002 -13"><span class='ocrx_word' id='word_1_219' title='bbox 268 2023 301 2059; x_wconf 84' lang='lat' dir='ltr'>d.</span> <span class='ocrx_word' id='word_1_220' title='bbox 351 2026 402 2060; x_wconf 85' lang='lat' dir='ltr'>Et</span> <span class='ocrx_word' id='word_1_221' title='bbox 425 2028 593 2061; x_wconf 85' lang='lat' dir='ltr'>allocatur</span> <span class='ocrx_word' id='word_1_222' title='bbox 616 2028 727 2062; x_wconf 88' lang='lat' dir='ltr'>eidem</span> <span class='ocrx_word' id='word_1_223' title='bbox 750 2039 813 2072; x_wconf 84' lang='lat' dir='ltr'>per</span> <span class='ocrx_word' id='word_1_224' title='bbox 834 2028 1077 2062; x_wconf 84' lang='lat' dir='ltr'>liberacionem</span> <span class='ocrx_word' id='word_1_225' title='bbox 1095 2028 1223 2062; x_wconf 84' lang='lat' dir='ltr'>factam</span> <span class='ocrx_word' id='word_1_226' title='bbox 1240 2027 1342 2062; x_wconf 53' lang='lat' dir='ltr'>servo*</span> <span class='ocrx_word' id='word_1_227' title='bbox 1354 2027 1549 2062; x_wconf 84' lang='lat' dir='ltr'>Alexandri</span> 
     </span>
     <span class='ocr_line' id='line_1_23' title="bbox 269 2105 1549 2155; baseline 0.003 -15"><span class='ocrx_word' id='word_1_228' title='bbox 269 2105 467 2142; x_wconf 76' lang='lat' dir='ltr'>M⁰Dowale</span> <span class='ocrx_word' id='word_1_229' title='bbox 484 2110 693 2153; x_wconf 83' lang='lat' dir='ltr'>carpentarii</span> <span class='ocrx_word' id='word_1_230' title='bbox 711 2110 755 2143; x_wconf 86' lang='lat' dir='ltr'>ad</span> <span class='ocrx_word' id='word_1_231' title='bbox 773 2108 901 2154; x_wconf 89' lang='lat' dir='ltr'>septem</span> <span class='ocrx_word' id='word_1_232' title='bbox 920 2108 1129 2154; x_wconf 81' lang='lat' dir='ltr'>septimanas</span> <span class='ocrx_word' id='word_1_233' title='bbox 1147 2121 1226 2144; x_wconf 91' lang='lat' dir='ltr'>cum</span> <span class='ocrx_word' id='word_1_234' title='bbox 1244 2108 1415 2155; x_wconf 85' lang='lat' dir='ltr'>Magistro</span> <span class='ocrx_word' id='word_1_235' title='bbox 1431 2108 1491 2144; x_wconf 89' lang='lat' dir='ltr'>suo</span> <span class='ocrx_word' id='word_1_236' title='bbox 1509 2115 1549 2144; x_wconf 88' lang='lat' dir='ltr'>ut</span> 
     </span>
    </p>
   </div>
   <div class='ocr_carea' id='block_1_3' title="bbox 903 2199 931 2224">
    <p class='ocr_par' dir='ltr' id='par_1_3' title="bbox 903 2199 931 2224">
     <span class='ocr_line' id='line_1_24' title="bbox 903 2199 931 2224; baseline 0 -1"><span class='ocrx_word' id='word_1_237' title='bbox 903 2199 931 2224; x_wconf 86' lang='lat' dir='ltr'>N</span> 
     </span>
    </p>
   </div>
  </div>
 </body>
</html>
