1837 2698
916 314 959 340 111

304 418 430 461 quibus
456 418 564 451 officio
586 418 654 451 fuit
680 419 811 463 Regem
837 420 996 452 comitari
1023 430 1124 458 unus,
1155 424 1272 453 orator
1301 421 1336 453 in
1363 420 1529 465 Angliam
1557 433 1576 453 a

302 514 438 557 Regina
454 514 555 547 fratri
574 514 726 548 Hem-ico
743 514 845 548 VIII.
864 516 1049 558 aliquando
1073 517 1209 555 missus,
1227 521 1261 549 et
1279 517 1315 549 in
1333 518 1409 549 aliis
1427 518 1574 561 negotiis

303 611 467 653 temporis
491 611 591 643 istius
618 610 749 643 turbidi
773 616 929 644 versatus
948 618 1020 652 est3
1049 624 1091 645 ex
1115 613 1241 656 quibus
1261 614 1432 652 omnibus,
1452 615 1573 657 quanti

303 707 394 749 apud
412 707 562 749 aequales
579 706 766 739 haberetur
784 706 884 740 facile
901 709 1068 752 conjicere
1086 709 1174 742 licet.

347 802 404 835 Ad
423 814 549 836 munus
567 802 731 836 officialis
749 804 900 837 delectus
918 816 996 837 cum
1018 806 1073 844 sit,
1091 805 1143 838 fas
1162 811 1214 839 est
1237 807 1372 839 eredere
1390 818 1468 840 eum
1482 808 1573 852 juris

299 899 410 931 civilis
431 899 514 932 satis
536 899 642 932 fuisse
665 900 826 942 peritum.
878 900 991 938 Quam
1014 907 1114 945 grata
1137 902 1168 934 ei
1193 907 1281 935 esset
1302 913 1483 936 causarum
1506 905 1574 937 dis-

301 996 449 1038 ceptatio
460 1000 594 1029 constat
608 997 662 1028 vel
676 1007 718 1028 ex
732 995 875 1029 molesta
888 996 1074 1036 interdum,
1089 999 1264 1031 actionum
1282 999 1465 1043 litiumque
1483 1001 1573 1033 inter

297 1092 472 1135 episcopos
498 1096 532 1124 et
557 1102 675 1124 eorum
700 1093 839 1125 clientes
865 1098 1050 1132 motarum,
1076 1095 1284 1127 narratione.
1336 1095 1569 1139 Jurisperitiae

297 1188 399 1227 fama,
425 1193 460 1221 et
485 1189 636 1232 dignitas
663 1189 746 1221 satis
772 1189 898 1231 ampla,
924 1200 1002 1222 euin
1028 1191 1180 1223 maxima
1206 1202 1322 1224 rerum
1348 1193 1570 1235 experientia,

297 1286 416 1328 procul
442 1285 547 1317 dubio
571 1285 709 1317 effecere
736 1290 775 1318 ut
800 1285 1001 1329 dignissime
1024 1287 1157 1329 primus
1182 1289 1420 1321 nominaretur
1443 1300 1569 1332 praeses

297 1382 402 1415 curiae
419 1381 530 1414 civilis
549 1391 730 1424 supremae,
749 1392 840 1414 anno
861 1383 952 1414 1532
972 1383 1153 1416 institutae.
1205 1383 1282 1417 Hoc
1303 1384 1412 1418 officio
1430 1385 1568 1419 functus

295 1488 403 1521 usque
421 1478 464 1510 ad
482 1487 612 1510 annum
632 1478 737 1515 1548,
754 1488 834 1520 quo,
852 1482 892 1510 ut
910 1479 1058 1517 videtur,
1076 1479 1166 1512 diem
1185 1480 1280 1513 obiit.

343 1574 395 1606 De
414 1574 487 1606 vita
503 1578 538 1606 et
561 1573 715 1607 moribus
733 1574 929 1607 domesticis
947 1575 1164 1609 ecclesiastici
1187 1578 1357 1621 regularis
1375 1579 1435 1611 vix
1457 1581 1568 1612 multa

293 1672 471 1713 explorare
488 1681 564 1713 spes
582 1675 644 1703 est.
695 1669 809 1703 Extra
827 1672 1026 1704 monasterii
1048 1672 1154 1705 limen
1173 1684 1251 1706 raro
1269 1675 1390 1716 pedem
1408 1677 1565 1718 protulit,

296 1768 361 1800 nisi
389 1768 432 1800 ad
458 1768 597 1811 negotia
622 1767 760 1810 publica
785 1767 952 1800 obeunda.
1003 1767 1095 1802 Casu
1123 1773 1249 1808 tamen,
1275 1771 1403 1813 partim
1428 1783 1566 1815 quoque

293 1864 473 1907 diligentia
496 1864 675 1908 cujusdam
698 1864 832 1897 Fratris
859 1865 1058 1898 monasterii
1081 1866 1123 1898 de
1142 1865 1457 1906 Cambuskenneth,
1476 1879 1565 1901 com-

291 1966 427 2004 pertum
459 1961 636 1999 habemus,
662 1960 836 1994 Abbatem
864 1967 1032 2001 nostrum,
1059 1963 1219 1996 civilibus
1250 1964 1328 1996 licet
1358 1971 1561 2008 occupatum

290 2059 447 2102 negotiis,
462 2058 657 2091 incubuisse
672 2063 787 2091 tamen
801 2059 917 2092 studio
931 2064 1120 2093 conventus
1135 2060 1188 2093 sui
1206 2061 1249 2093 ad
1264 2062 1418 2094 strictam
1433 2063 1561 2096 ordinis
