1837 2698
419 302 562 333 VITAE
585 301 914 334 EPISCOPORUM
937 301 1350 333 DUNKELDENSIUM.
1512 306 1530 333 5

251 413 351 445 colmi
375 412 530 445 Canmor
554 414 646 457 regis
665 418 699 446 et
722 412 868 446 Sanctae
886 413 1107 458 Margaretae
1131 413 1280 457 reginae,
1299 416 1435 445 mutato
1459 423 1532 445 mo-

250 491 410 531 nasterio,
435 494 470 526 in
489 491 662 526 ecclesiam
681 493 913 526 cathedralem
931 494 1064 533 erexit3
1083 498 1117 526 et
1134 493 1326 536 repudiatis
1346 493 1530 531 Kelledeis,

250 572 443 618 episcopum
479 579 513 607 et
543 575 724 608 canonicos
763 572 927 613 instituit,
952 573 1170 618 seculareque
1201 575 1384 619 collegium
1415 575 1452 607 in
1478 574 1533 607 fu-

250 660 370 689 turum
396 653 460 688 effe
483 656 670 694 ordinavit,
689 655 779 688 circa
796 666 906 688 annos
930 656 1062 688 domini
1080 656 1175 688 mille
1194 660 1332 688 centum
1351 660 1385 688 et
1404 655 1531 700 viginti
1560 659 1601 690 A.
1617 659 1658 690 D.
1679 662 1769 691 1127.

249 735 387 780 septem.
416 736 556 770 Primus
587 742 670 770 tunc
696 735 885 780 episcopus,
916 737 1010 769 illius
1047 747 1111 780 pro
1142 741 1297 780 tempore
1333 734 1531 770 monasterii

250 818 366 858 abbas,
384 823 418 852 et
436 818 543 864 Regis
561 817 678 863 postea
695 816 921 858 consiliarius,
940 823 1015 852 erat

297 1063 594 1104 GREGORIUS‚
613 1066 713 1110 cujus
732 1067 1023 1110 contemplatione
1049 1066 1166 1100 David
1192 1078 1253 1100 rex
1279 1067 1413 1100 Scotiae
1439 1067 1533 1100 sanc-

248 1152 305 1179 tus
324 1144 482 1180 conceffit
500 1144 655 1180 ecclesiae
673 1146 921 1187 Dunkeldenfi,
940 1148 1032 1181 dicto
1050 1147 1217 1192 episcopo,
1242 1154 1276 1182 et
1300 1149 1378 1182 silae
1397 1148 1531 1182 mensae

249 1227 441 1271 episcopali,
460 1233 570 1260 terras
597 1229 639 1261 de
666 1228 877 1261 Outhertule
903 1234 937 1262 et
963 1230 1110 1274 triginta
1135 1230 1338 1273 prebendas,
1362 1235 1467 1273 prout
1493 1231 1530 1263 in

250 1316 345 1343 carta
362 1310 445 1343 dicti
464 1309 582 1343 Sancti
599 1309 747 1343 Davidis
766 1311 857 1355 regis
876 1312 1084 1344 continetur.
1129 1311 1197 1344 Hic
1216 1311 1406 1356 Gregorius
1424 1313 1533 1355 impe—

249 1393 358 1425 travit
378 1403 399 1425 a
424 1391 520 1435 Papa
542 1390 745 1425 Alexandro
768 1392 883 1431 tertio,
902 1393 1150 1435 protectionem
1176 1391 1394 1436 apostolicam
1418 1391 1480 1426 fibi
1499 1399 1533 1427 et

249 1470 405 1505 ecclesiae
419 1471 497 1506 suae
510 1473 546 1505 in
565 1470 773 1506 strictissima
786 1472 909 1512 forma,
924 1484 1001 1506 cum
1018 1472 1270 1517 specificacione
1284 1475 1442 1507 omnium
1457 1475 1532 1518 pos-

249 1551 428 1587 seffionum
443 1559 527 1587 tunc
542 1555 708 1597 temporis
721 1553 933 1587 habitarum.
960 1553 1011 1587 Et
1025 1555 1120 1588 dedit
1133 1553 1307 1588 ecclefiam
1322 1556 1364 1588 de
1383 1555 1533 1600 Rettray

249 1637 397 1675 cuidam,
432 1635 597 1674 Quasdub
631 1636 782 1675 nomine,
816 1635 1006 1670 succentori
1046 1635 1283 1670 Dunkeldenfi
1318 1634 1532 1682 affignatam.

249 1717 299 1751 Et
316 1729 395 1750 cum
413 1715 550 1751 rexisset
567 1715 740 1750 ecclefiam
764 1717 1043 1751 Dunkeldensem
1067 1716 1245 1762 episcopus
1263 1719 1399 1752 circiter
1423 1730 1532 1752 annos

249 1799 483 1843 quadraginta
505 1799 603 1837 duos,
624 1799 661 1831 in
685 1797 858 1832 senectute
882 1799 982 1837 bona,
1005 1810 1096 1832 anno
1119 1800 1226 1833 tercio
1252 1800 1344 1844 regis
1362 1799 1531 1833 willelmi

251 1880 347 1916 obiit,
373 1890 465 1913 anno
491 1880 622 1913 domini
650 1878 829 1914 millefimo
860 1878 1042 1914 centefimo
1072 1879 1280 1926 sexagesimo
1310 1892 1412 1915 nono.
1464 1881 1530 1915 Cui
1557 1889 1655 1920 A,D,
1677 1891 1767 1919 1169.

249 1958 399 1995 succeffit
