1837 2698
633 296 797 329 PONTIS
819 294 1182 328 DUNKELDENSIS.
1470 298 1486 328 1
1494 298 1511 328 1
1517 299 1538 328 5

267 407 346 439 cimi
372 407 486 450 quinti
512 407 547 439 in
572 407 662 440 diem
688 417 736 440 xx
761 406 972 450 Septembris
996 416 1086 439 anno
1105 410 1162 438 'ze‘
1181 406 1215 438 vc
1232 403 1303 437 xv‘0
1320 404 1362 437 de
1384 404 1538 447 quinque

267 487 388 519 celdris
405 493 440 519 et
457 486 590 520 duobus
608 486 696 520 batis
723 486 772 520 Et
790 485 834 520 fic
851 498 937 530 eque
956 487 997 519 de
1015 486 1134 519 avenis

318 727 491 761 EXPEN
493 728 550 761 SE
576 728 742 773 Ejusdem
759 729 801 762 de
818 729 977 774 Argento
1021 727 1063 761 In
1080 728 1202 771 primis
1221 728 1389 761 allocatur
1406 738 1543 770 compo-

271 809 359 841 tanti
370 809 407 841 in
425 810 636 852 empcionem
651 810 759 842 trium
772 809 966 842 celdrarum
978 807 1106 851 septem
1120 808 1292 841 bollarum
1305 809 1454 840 duorum
1472 818 1544 840 mo·

272 889 405 921 diorum
427 893 461 921 et
479 889 626 921 duorum
651 887 811 921 batorum
832 899 1022 921 avenarum
1042 898 1104 931 per
1126 892 1263 931 tempus
1286 888 1436 931 compoti
1455 889 1543 931 varij

269 969 374 1012 precij
394 969 572 1001 extenden.
592 969 627 1001 in
646 969 744 1001 totali
762 969 908 1012 pecunia
924 969 967 1001 ad
981 968 1042 1012 xiij
1062 968 1098 1001 li.
1115 968 1151 1012 xj
1173 971 1198 1001 ἔ.
1217 969 1250 1013 vj
1263 980 1280 1012 3
1297 966 1330 1001 d.
1356 968 1407 1001 Et
1424 970 1546 1002 alloca-

272 1054 330 1082 tur
347 1050 457 1082 eidem
476 1060 537 1092 per
554 1050 797 1083 liberaeionem
814 1049 942 1083 factam
961 1050 1138 1093 Stephano
1156 1048 1329 1093 Lindesay
1347 1051 1547 1084 conductori

272 1140 455 1163 arenarum
480 1140 541 1172 per
562 1134 699 1173 tempus
717 1130 865 1173 compoti
892 1141 954 1173 pro
972 1133 1124 1173 quatuor
1146 1129 1300 1163 millibus
1325 1128 1545 1175 septingintis

274 1209 399 1253 septem
419 1210 580 1242 oneribus
595 1220 777 1242 arenarum
796 1210 910 1252 precio
929 1210 1042 1242 oneris
1060 1209 1184 1242 obulus
1198 1210 1378 1243 extenden.
1393 1211 1428 1243 in
1447 1222 1550 1253 pecu-

275 1291 332 1322 nia
349 1290 392 1322 ad
409 1290 444 1334 xj
465 1291 500 1322 li.
514 1290 599 1334 xviij
621 1293 645 1323 ἒ.
665 1301 687 1322 ν
698 1287 731 1323 d.
782 1289 831 1323 Et
849 1290 1017 1322 allocatur
1030 1290 1140 1322 eidem
1159 1300 1222 1333 pro
1240 1290 1400 1323 ductione
1418 1291 1551 1324 confec-

275 1371 368 1403 tione
386 1375 421 1402 et
446 1366 662 1412 impofitione
685 1370 719 1402 in
744 1370 836 1403 redis
855 1370 981 1414 viginti
999 1371 1149 1403 duorum
1167 1368 1213 1402 lie
1229 1369 1359 1403 extreis
1376 1371 1410 1415 vj
1431 1374 1456 1403 ἒ.
1473 1372 1497 1415 ij
1517 1370 1550 1404 d.

277 1449 325 1483 Et
348 1461 411 1493 pro
428 1450 637 1482 correctione
659 1450 764 1483 unius
782 1450 948 1493 amphore
971 1449 1158 1483 sementive
1179 1461 1242 1494 pro
1268 1452 1438 1494 portanda
1461 1463 1552 1495 aqua

276 1610 322 1644 lie
341 1610 468 1644 extreis
487 1621 510 1643 x
527 1608 560 1643 d.
612 1610 662 1643 Et
679 1611 846 1644 allocatur
867 1611 978 1644 eidem
1004 1622 1066 1654 per
1089 1610 1328 1644 liberationem
1347 1611 1474 1644 factam
1493 1611 1514 1643 J
1517 1623 1552 1644 o-

276 1693 383 1724 hanni
403 1691 481 1724 Fud
498 1691 559 1724 uni
578 1689 795 1735 Aurigarum
817 1702 837 1723 a
854 1689 939 1724 festo
957 1691 1210 1734 purificacionis
1231 1688 1419 1724 beatiffime
1437 1690 1555 1736 Virgi-

279 1773 332 1804 nis
352 1772 463 1804 Marie
480 1782 572 1804 anno
589 1776 647 1804 ’ὶοῦ
666 1773 700 1803 vc
717 1771 849 1804 decimo
866 1776 991 1814 quarto
1014 1772 1051 1804 in
1074 1772 1165 1804 diem
1190 1769 1393 1815 vigesimum
1419 1770 1554 1804 sextum

282 1852 489 1885 Novembris
508 1863 598 1884 anno
616 1857 674 1884 vce*
693 1853 727 1884 vc
744 1850 814 1884 xv‘0
832 1849 1001 1884 exclusive
1019 1851 1149 1894 capien.
1171 1862 1232 1894 per
1256 1862 1386 1884 annum
1409 1852 1557 1895 quadra-

280 1934 378 1977 ginta
391 1930 514 1965 solidos
529 1937 562 1965 et
580 1933 736 1965 modium
751 1932 882 1965 farrine
901 1932 937 1964 in
954 1930 1145 1974 septimana
1161 1930 1251 1964 xxxtj
1263 1935 1287 1964 ἔ.
1339 1932 1390 1965 Et
1404 1931 1426 1964 J
1429 1932 1557 1965 ohanni

281 2013 431 2045 Stewart
449 2012 548 2045 alteri
567 2012 769 2056 aurigarum
787 2023 848 2055 per
862 2012 953 2044 idem
968 2017 1104 2056 tempus
1123 2013 1253 2056 capien.
1271 2013 1308 2045 in
1321 2011 1511 2056 septimana
1525 2019 1557 2046 et

281 2094 316 2124 in
334 2103 424 2126 anno
442 2098 481 2125 ut
500 2092 578 2125 Fud
596 2091 686 2125 xxxtj
697 2095 721 2124 ἔ.
772 2091 822 2125 Et
838 2093 1006 2125 allocatur
1024 2093 1134 2126 eidem
1151 2103 1212 2136 per
1233 2093 1472 2126 liberacionem
1492 2093 1560 2126 fac-
