1837 2698
405 300 543 331 VITAE
566 298 896 331 EPISCOPORUM
917 297 1323 329 DUNKELDENSIUM.
1464 302 1507 332 15

226 413 348 455 plenus
374 411 508 443 dierum
535 415 569 443 et
595 409 830 444 consummata
855 409 950 442 chori
976 407 1028 441 sui
1057 408 1199 446 fabrica,
1235 407 1321 440 obiit
1348 404 1507 439 vicesimo

226 492 369 537 septimo
390 489 514 524 menfis
532 491 554 523 J
558 492 642 530 unii,
661 496 695 524 et
713 492 749 523 in
767 488 946 534 sepulchro
964 488 1035 528 suo,
1056 493 1097 521 ut
1115 488 1337 532 praedicitur,
1356 486 1509 530 sepultus

225 572 284 612 est,
311 584 402 606 anno
424 573 557 606 domini
581 569 761 605 millesimo
785 568 1022 611 trecentefimo
1044 566 1220 614 trigefimo
1236 567 1391 612 septimo,
1418 568 1509 601 inter

223 654 354 687 nobiles
372 653 549 697 pontifices
567 653 691 686 merito
709 651 973 696 computandus.
1024 649 1091 683 Cui
1108 646 1259 682 succeffit

271 898 542 933 DUNCANUS
567 898 755 942 episcOPUS,
781 898 842 941 qui
866 897 994 930 locavit
1012 896 1048 928 in
1069 894 1264 928 feodifirma
1282 893 1440 927 VValtero
1465 894 1506 927 de

224 981 445 1026 Fothringay
464 985 574 1014 terras
593 981 635 1012 de
654 979 829 1024 Fordayll,
856 989 919 1022 pro
946 977 1179 1022 quadraginta
1196 975 1310 1009 solidis
1329 974 1507 1020 sterlingo-

221 1074 310 1102 rum,
328 1073 392 1106 pro
410 1063 512 1095 certis
531 1061 760 1100 haeredibus3
785 1060 878 1104 quod
896 1059 1050 1092 creditur
1069 1058 1212 1096 factum,
1230 1057 1313 1100 quia
1330 1055 1506 1100 episcopus

222 1148 296 1176 erat
313 1144 454 1176 natione
472 1142 655 1187 Angficus,
673 1146 708 1174 et
726 1141 838 1174 dictus
852 1139 1031 1173 XValterus
1049 1139 1124 1184 ejus
1142 1137 1427 1183 consanguineus,
1445 1138 1505 1181 qui

220 1235 262 1257 ex
279 1223 412 1268 Anglia
428 1234 508 1257 cum
528 1222 706 1255 Edwardo
720 1222 761 1255 de
776 1222 924 1255 Balliolo
939 1220 1090 1254 Scotiam
1104 1224 1297 1259 venerunt3
1318 1220 1372 1252 vel
1385 1217 1502 1252 saltem

226 1305 294 1348 ipse
311 1303 499 1348 episcopus,
518 1305 597 1337 lieet
614 1303 747 1342 Scotus,
766 1308 883 1336 tamen
900 1303 944 1335 ad
958 1301 1127 1335 Edwardi
1145 1301 1281 1335 favores
1296 1300 1501 1334 obtinendos

222 1387 427 1420 locationem
448 1384 646 1430 hujusmodi
669 1385 762 1424 fecit,
784 1388 818 1417 et
840 1384 951 1417 eidem
975 1380 1137 1416 adhaefit.
1190 1382 1287 1415 Idem
1310 1381 1502 1414 Duneanus

220 1468 307 1501 obiit
324 1479 416 1501 anno
434 1467 565 1501 domini
584 1464 763 1500 millefimo
781 1463 1018 1498 trecentefimo
1034 1462 1242 1509 sexagefimo
1260 1464 1374 1501 tertio,
1402 1468 1435 1495 et
1458 1460 1502 1496 fic

220 1548 307 1582 sedit
324 1550 423 1582 annis
442 1548 569 1593 viginti
587 1546 654 1581 sex.
706 1546 773 1580 Cui
791 1543 940 1580 succeffit

269 1792 501 1826 MICHAEL
521 1793 774 1832 MONYMUSK‚
786 1792 1007 1826 Camerarius
1020 1801 1169 1836 magnus
1177 1789 1324 1828 Scofiae,
1338 1789 1398 1832 qui
1415 1788 1501 1821 obiit

219 1875 332 1918 primo
351 1874 484 1913 Martii,
502 1879 536 1908 et
554 1875 590 1907 in
608 1874 712 1908 choro
729 1870 965 1907 Dunkeldenfi
983 1873 1026 1905 ad
1044 1872 1194 1917 gradum
1212 1882 1233 1904 a
1250 1871 1382 1904 dextris
1400 1869 1499 1902 nobi-

1535 567 1622 598 A.D.
1638 567 1726 595 1337.

1529 1462 1616 1493 A.D.
1631 1464 1721 1492 1363.

220 1955 262 1988 lis
287 1955 468 1988 willielmi
494 1956 536 1988 de
561 1954 688 1988 Sancto
714 1954 817 1987 Claro
841 1952 1014 1997 sepelitur,
1041 1963 1132 1985 anno
1158 1952 1289 1985 domini
1316 1947 1497 1984 millefimo
1525 1953 1719 1983 A.D.1376.

218 2035 454 2070 trecentefimo
470 2034 719 2081 septuagesimo
736 2034 840 2068 sexto.
893 2033 959 2067 Cui
976 2030 1127 2067 sueceffit
