1837 2698
656 291 821 323 PONTIS
843 289 1207 322 DUNKELDENSIS.
1533 291 1583 325 ‘87

304 403 441 437 Thoma
459 401 567 446 Greig
585 401 762 434 Canonico
780 398 1020 434 Dunkeldenfi
1039 399 1179 433 nomine
1197 402 1232 431 et
1255 409 1298 431 ex
1324 402 1422 441 parte
1440 395 1582 429 Domini

302 483 353 517 Et
365 484 407 517 de
419 494 440 516 v
452 484 488 516 li.
502 488 627 526 recept.
647 493 667 515 a
681 480 859 516 Comitiffa
877 481 1020 515 Atholie
1034 493 1076 514 ex
1090 479 1297 514 testamento
1311 478 1455 512 Domini
1469 477 1585 510 Comi-

303 566 347 598 tis
374 563 424 597 Et
447 564 488 596 de
506 564 543 608 iij
564 564 599 596 li.
619 564 652 608 vj
674 565 699 596 Ξ.
718 564 778 608 viij
802 561 835 596 d.
853 569 980 606 recept.
1001 575 1022 596 a
1048 562 1205 607 Georgeo
1231 561 1410 604 Balberny
1427 558 1584 603 serjando

300 647 342 678 de
359 645 487 689 quibus
513 645 605 677 idem
623 643 802 688 serjandus
827 645 978 677 reddidit
997 649 1196 687 compotum
1220 648 1261 676 ut
1287 646 1384 685 patet
1408 641 1445 674 in
1466 640 1584 673 eodem

300 727 436 760 reddito
454 726 547 769 apud
564 725 730 758 Dunkeld
748 726 931 758 undecimo
949 726 1004 758 die
1022 722 1146 758 menfis
1164 724 1187 757 J
1190 724 1325 757 anuarii
1344 734 1436 756 anno
1453 721 1584 755 domini

300 805 479 841 millesimo
497 803 773 851 quingentesimo
790 806 877 851 xijm⁰

398 887 542 920 Summa
559 886 666 931 hujus
684 887 810 919 oneris.

1043 940 1059 958 C

399 966 544 1000 Summa
562 966 672 999 tocius
691 966 805 999 oneris
823 965 974 1011 Argenti
992 966 1040 1011 vij
1075 966 1137 999 xix
1155 966 1190 999 li.
1204 965 1264 1010 xvj
1285 966 1310 999 ἔ.
1329 965 1377 1010 vij
1396 963 1429 998 d.

1103 1020 1118 1038 C
1145 1025 1168 1038 or
1190 1020 1227 1038 XX

396 1045 541 1080 Summa
559 1046 670 1079 tocius
688 1046 802 1080 oneris
821 1057 900 1080 cum
919 1044 1035 1086 Resta,
1054 1047 1101 1091 vij
1135 1047 1185 1091 iiij
1247 1046 1284 1080 ix
1301 1046 1336 1079 li.
1354 1056 1378 1078 x
1396 1046 1421 1078 ἓ.
1440 1045 1477 1089 iij
1497 1043 1530 1077 d.

348 1291 583 1326 EXPENSE
610 1291 813 1326 ARGENTI.
877 1292 920 1326 In
947 1293 1070 1336 primis
1095 1293 1263 1326 allocatur
1288 1291 1502 1335 compotanti
1525 1300 1587 1334 per

300 1374 541 1407 liberacionem
565 1373 693 1407 factam
717 1374 917 1408 cedentibus
942 1375 1122 1408 duodecim
1147 1384 1234 1407 axes
1257 1374 1293 1407 in
1317 1371 1402 1406 filva
1423 1372 1467 1405 ad
1487 1372 1586 1405 redas

299 1455 412 1498 operis
429 1455 489 1499 xvj
509 1452 533 1487 d
582 1454 633 1487 Et
659 1455 829 1488 allocatur
846 1455 957 1488 eidem
984 1466 1047 1498 per
1070 1456 1284 1499 empcionem
1308 1454 1435 1499 viginti
1459 1452 1586 1497 septem

296 1536 467 1569 bollarum
485 1547 677 1569 avenarum
703 1536 818 1579 precio
836 1536 926 1569 bolle
943 1537 1091 1581 triginta
1115 1536 1250 1570 denarii
1276 1536 1312 1569 in
1342 1546 1434 1568 anno
1454 1535 1585 1568 domini

297 1622 352 1650 ‘tc‘
389 1618 422 1649 vc
458 1617 643 1650 undecimo
680 1621 714 1650 et
748 1617 909 1650 undecim
949 1617 1122 1650 bonarum
1158 1617 1274 1661 precio
1313 1616 1403 1650 bolle
1432 1616 1587 1660 quinque

296 1696 394 1731 solidi
419 1698 598 1731 deliberat.
616 1697 747 1731 Jacobo
774 1697 884 1742 Muyr
911 1698 1069 1731 aver-ario
1092 1698 1226 1732 domini
1252 1698 1293 1731 de
1311 1697 1440 1742 quibus
1459 1697 1585 1742 viginti

298 1777 425 1821 septem
453 1779 552 1811 bollis
586 1779 738 1812 reddidit
764 1784 965 1822 compotum
1000 1780 1095 1823 apud
1120 1778 1353 1812 Dounkeiden
1382 1778 1438 1811 die
1464 1783 1586 1811 octavo

297 1856 420 1891 mensis
451 1858 612 1892 Octobris
640 1870 731 1892 anno
761 1865 817 1893 ’ῒοο
852 1861 885 1892 vc
926 1860 1109 1893 undecimo
1137 1871 1201 1903 pro
1233 1859 1378 1903 reliquis
1409 1857 1585 1903 respondit

299 1941 335 1973 in
360 1941 508 1984 pecunia
529 1940 563 1984 vj
584 1940 619 1972 li.
645 1941 668 1984 ij
689 1941 713 1973 ἔ.
736 1941 770 1985 vj
791 1938 814 1973 d
875 1939 925 1973 Et
950 1941 1119 1974 allocatur
1144 1941 1256 1973 eidem
1282 1951 1345 1983 per
1372 1940 1586 1983 empcionem

297 2022 445 2055 duorum
464 2022 615 2054 millium
633 2022 928 2066 noningentorum
946 2022 1183 2066 quadraginta
1199 2026 1234 2054 et
1252 2026 1328 2055 octo
1347 2032 1494 2054 onerum
1513 2032 1587 2054 are-

296 2111 432 2142 narum,
459 2102 574 2146 precio
600 2100 783 2147 cujussibet
809 2103 922 2136 oneris
950 2102 1088 2141 obulus,
1115 2103 1296 2136 extenden.
1316 2102 1352 2136 in
1374 2102 1521 2146 pecunia
1541 2103 1585 2135 ad
