1837 2698
314 318 359 352 64
488 319 627 351 VITAE
650 319 982 351 EPISCOPORUM
1003 319 1414 350 DUNKELDENSIUM.

314 428 408 468 sutis,
426 430 542 470 dedit3
571 432 678 464 altare
697 430 813 463 Sancti
830 429 853 462 J
855 430 1001 463 ohannis
1021 427 1201 473 baptistae,
1215 429 1357 463 cortinis
1374 428 1498 469 sericis,
1517 430 1589 472 pal-

312 510 373 543 leis
387 521 426 543 ae
439 511 642 544 candelabro
656 522 761 544 aeneo
779 511 948 554 pendente
962 511 1157 543 decoravit:
1184 511 1238 543 vir
1250 509 1376 555 justus,
1392 514 1425 543 et
1438 509 1499 543 sua
1514 508 1588 555 jus-

310 590 390 623 titia
406 591 443 623 in
461 590 535 624 sede
549 592 725 635 praedicta
742 602 815 624 rem
834 591 1008 634 publicam
1026 589 1228 623 conservans
1243 601 1252 630 ;
1280 591 1515 634 vicariamque
1533 601 1585 623 ec-

310 668 427 704 clefiae
445 673 486 704 de
503 672 613 711 Blair,
631 673 674 705 ob
693 673 785 705 illius
811 676 846 705 et
870 671 921 705 sui
948 672 1144 705 animarum
1166 671 1321 712 salutem,
1347 673 1481 712 erexit3
1508 671 1584 716 post

309 751 393 785 haec
410 753 522 792 initia,
540 754 652 786 multa
664 753 797 798 majora
815 752 956 785 indubie
974 752 1140 786 facturus.

339 994 765 1029 PRAEBENDARIUS
772 997 812 1029 de
819 996 1071 1041 Forgundyny,
1080 994 1247 1041 Magister
1252 995 1429 1030 Walterus
1437 996 1579 1036 Brown,

306 1076 457 1110 officialis
482 1075 746 1115 Dunkeldenfis,
764 1076 877 1110 sacrae
903 1077 1096 1122 theologiae
1122 1077 1357 1117 baccallarius,
1382 1080 1578 1122 capellanus

304 1156 450 1191 Sanctae
468 1157 602 1191 Mariae
620 1156 732 1191 libera
746 1168 808 1190 nos
825 1168 847 1190 a
860 1157 985 1202 poenis
1002 1155 1144 1203 itgfhrni,
1162 1169 1223 1202 per
1240 1156 1503 1203 resignationem
1521 1160 1581 1192 do-

303 1238 389 1270 mini
407 1237 430 1269 J
432 1238 577 1271 ohannis
593 1239 782 1282 Myretoun
796 1243 976 1282 promotus
993 1239 1248 1282 praecentoriae
1262 1236 1507 1282 pensionarius,
1521 1240 1580 1273 do-

303 1320 418 1352 minus
437 1330 544 1358 meus,
557 1320 655 1364 cujus
675 1320 790 1353 curiae
808 1325 842 1353 et
859 1330 974 1353 coram
993 1331 1032 1352 eo
1049 1319 1177 1353 scribae
1194 1324 1229 1353 et
1246 1319 1489 1354 tabellionatus
1507 1321 1573 1354 offi-

301 1399 392 1433 cium
419 1401 568 1433 triennio
593 1400 767 1445 gerebam.
819 1399 888 1433 Hic
906 1401 962 1433 vir
984 1404 1064 1433 ante
1087 1398 1371 1444 praedecessorem
1398 1402 1547 1435 moritur
1562 1412 1570 1441 3

302 1481 389 1514 nihil
403 1482 444 1514 de
458 1481 611 1514 beneficii
625 1480 799 1514 fructibus
813 1481 974 1514 obtinuit.
1011 1480 1077 1514 Vir
1089 1485 1162 1514 erat
1176 1492 1237 1524 per
1250 1482 1365 1514 omnia
1377 1481 1576 1525 spiritualis,

301 1562 432 1600 doctus,
452 1566 485 1594 et
503 1562 539 1594 in
549 1562 630 1606 jure
644 1562 807 1595 canonico
821 1562 976 1605 apprime
990 1562 1158 1601 eruditus,
1173 1566 1206 1595 et
1221 1559 1425 1606 justiffimus
1441 1573 1449 1602 3
1477 1562 1574 1608 saepe

299 1643 413 1675 media
429 1647 527 1675 nocte
544 1643 760 1676 matutinalis
778 1643 878 1676 officii
895 1642 1050 1675 debitum
1075 1641 1248 1686 persolvit,
1266 1647 1301 1676 et
1318 1641 1451 1676 summo
1468 1655 1569 1678 mane

301 1720 433 1755 missam
459 1723 613 1767 quotidie
639 1723 835 1762 celebravit,
861 1727 896 1756 et
922 1723 1046 1768 majori
1071 1721 1168 1756 missa
1193 1722 1412 1767 postmodum
1443 1725 1572 1764 audita,

298 1804 469 1848 reliquum
489 1804 556 1837 diei
576 1804 768 1848 judicandi,
787 1802 956 1843 studendi,
973 1808 1008 1836 et
1028 1804 1112 1848 jura
1128 1815 1167 1837 ac
1193 1804 1401 1849 theologiam
1423 1806 1569 1850 legendi,

299 1887 368 1919 otio
386 1886 532 1919 contulit
550 1896 559 1926 3
585 1884 767 1919 honestum
780 1885 919 1918 fovebat
930 1885 1150 1919 domicilium
1166 1896 1175 1926 3
1202 1887 1239 1919 in
1256 1885 1371 1919 mensa
1388 1887 1567 1921 lectionem

296 1966 426 2010 semper
443 1967 566 2000 habuit
581 1977 590 2006 3
617 1967 706 2000 nihil
723 1967 793 2000 illic
810 1966 1027 2000 scurrilitatis
1045 1971 1106 2000 aut
1123 1967 1345 2001 detractionis
1363 1968 1482 2001 audire
1508 1979 1568 2002 vo-

296 2048 372 2087 luit,
390 2047 445 2081 sed
471 2046 621 2081 honestis
647 2047 778 2081 facetiis
799 2046 1040 2093 jocundissime
1066 2049 1298 2092 epulabatur3
1325 2050 1432 2082 altare
1450 2049 1567 2084 Sancti

297 2115 453 2169 Martini,
472 2129 587 2163 Sancti
611 2128 801 2163 Salvatoris
826 2131 1125 2174 contemplatione,
1142 2131 1256 2174 palliis
1275 2135 1309 2164 et
1325 2131 1566 2174 antependulis
