1837 2698
884 303 926 330 1V

267 408 420 450 regulam
440 407 628 451 redigendi,
647 418 715 440 non
736 408 846 440 solum
865 408 996 440 rituum
1016 412 1049 440 et
1063 408 1196 440 dierum
1215 408 1407 441 solennium
1421 408 1534 440 obser-

267 502 394 540 vantia,
412 503 470 535 sed
488 504 614 545 pietate
632 504 746 541 etiam,
765 503 1012 542 benevolentia,
1031 508 1064 535 et
1087 504 1182 536 bonis
1202 503 1363 536 moribus.
1416 503 1532 546 Hujus

266 599 398 631 Fratris
412 599 529 638 libem*
550 599 696 632 Abbatis
714 600 822 632 nostri
841 600 1010 632 curiosam
1030 600 1245 642 aliquantum
1264 601 1299 632 in
1319 600 1418 632 rebus
1434 600 1533 631 mini-

264 696 328 727 mis
343 696 676 728 administrationem
695 696 844 734 exhibet,
862 697 920 728 sed
945 696 1035 728 idem
1060 696 1162 728 simul
1182 697 1287 728 vitam
1308 695 1530 728 monasticam

264 791 494 823 honestiorem
518 792 684 835 depingit,
710 797 744 824 et
771 803 791 823 a
816 793 950 836 vulgari
974 793 1133 834 opinione
1157 793 1197 824 de
1221 792 1365 824 coenobii
1392 792 1530 824 licentia

264 889 374 931 magis
388 888 546 924 alienam,
558 898 660 930 quam
676 888 888 930 plerumque,
902 899 919 920 e
932 888 1156 930 scriptoribus
1168 889 1271 920 etiam
1285 889 1529 926 ecclesiasticis,

261 983 418 1026 colligere
440 983 491 1016 fas
510 988 569 1016 est.
621 983 790 1026 Cupiebat
813 988 928 1016 noster
952 985 1141 1026 praesertim
1166 984 1344 1016 literarum
1364 984 1528 1021 studium,

260 1078 296 1110 in
309 1078 441 1111 aedibus
459 1080 530 1111 suis
550 1082 569 1095 “
588 1080 807 1111 obliteratum
830 1080 998 1122 penitus‚’'
1016 1084 1229 1118 restaurare3
1253 1090 1370 1122 eoque,
1395 1091 1529 1112 monas-

259 1175 336 1206 terii
355 1175 407 1206 sui
427 1175 575 1207 novitios
594 1176 733 1218 optimae
751 1175 886 1212 indolis,
901 1176 936 1207 iu
954 1175 1179 1207 universitate
1198 1175 1416 1207 celeberrima
1431 1175 1527 1208 Pari-

260 1270 373 1308 siensi,
392 1271 463 1302 suis
480 1270 688 1313 sumptibus,
706 1270 935 1303 instituendos
954 1271 1097 1302 curavit.

308 1365 394 1398 Haec
412 1366 552 1398 consilia
569 1366 810 1398 liberalitatem
830 1366 980 1408 sapiunt,
999 1371 1032 1399 et
1053 1377 1115 1409 pro
1133 1367 1300 1399 monacho
1317 1372 1350 1399 et
1368 1378 1430 1409 pro
1449 1379 1524 1399 aevo

258 1463 293 1494 in
319 1473 387 1504 quo
415 1462 513 1500 vixit,
540 1472 634 1504 spem
662 1467 893 1504 superantem,
919 1466 1021 1504 atque
1048 1463 1196 1494 indolem
1225 1473 1340 1494 rerum
1368 1464 1521 1495 civilium

256 1557 338 1591 curs,
355 1558 538 1590 exercitam
558 1563 591 1590 et
609 1558 751 1600 politam
771 1558 1017 1590 demonstrant.
1065 1556 1308 1590 Confitendum
1325 1564 1388 1597 est,
1407 1560 1468 1591 hoc
1488 1560 1521 1591 in

255 1654 354 1692 libro,
377 1664 479 1696 quem
498 1658 576 1686 ante
595 1655 677 1686 vitae
700 1653 846 1696 publicae
871 1655 1009 1687 initium
1035 1655 1182 1697 scripsit,
1207 1656 1381 1698 episcopos
1405 1668 1521 1689 omnes

255 1750 327 1782 sine
351 1750 460 1782 multo
482 1750 677 1782 discrimine
701 1754 733 1782 et
753 1750 812 1782 vix
836 1750 879 1782 ob
904 1751 1070 1783 maximas
1090 1752 1235 1784 virtutes
1254 1753 1410 1791 laudari;
1439 1754 1522 1784 adeo

254 1850 293 1877 ut
316 1846 569 1888 aliquantulum
594 1847 669 1889 agri
695 1846 829 1878 dioecesi
856 1846 1023 1884 additum,
1049 1848 1161 1889 paries
1188 1849 1336 1880 ecclesia:
1364 1848 1520 1886 retectus,

287 1989 302 2004 ⁴*
316 1989 329 2000 ‘¹
345 1986 473 2021 Exegesis
487 1987 513 2011 in
529 1995 660 2013 canonem
678 1987 732 2013 divi
748 1988 890 2021 Augustini
911 1996 1003 2013 recens
1022 1988 1095 2014 edita
1113 1997 1161 2022 per
1181 1989 1290 2015 fratrem
1304 1990 1455 2016 Robertum
1480 1992 1523 2016 Ri-

250 2053 410 2078 chardiuum
425 2053 539 2078 celebris
553 2053 675 2079 ecclesiae
691 2053 914 2079 Cambuskenalis
927 2054 1270 2080 canonicatus—Lutetia
1309 2058 1382 2080 1530.
