1837 2698
409 321 546 352 VITAE
569 319 900 352 EPISCOPORUM
923 317 1331 350 DUNKELDENSIUM.
1470 322 1513 355 71

238 440 353 463 rerum
373 428 511 463 suarmn
531 428 740 463 amissionem
758 431 929 468 timentes,
947 429 1065 473 petitis
1083 433 1254 461 annuunt.
1306 426 1354 459 Et
1372 426 1507 469 pontifi-

240 511 287 543 cis
305 510 424 544 funere
442 516 590 554 peracto,
609 511 645 543 in
663 511 815 553 capitulo
829 510 1081 548 convenientes,
1095 509 1186 542 diem
1201 519 1263 552 pro
1276 507 1388 540 futuri
1402 507 1515 550 ponti-

240 591 311 624 ficis
328 592 491 624 electione
510 592 753 635 praefixerunt,
772 591 943 624 canonicis
961 588 1158 623 absentibus
1176 599 1237 632 per
1254 589 1405 621 edictum
1429 586 1516 630 pub-

242 673 343 705 licum
363 673 405 706 ad
432 672 496 706 hoc
514 673 670 706 citandis.
721 672 800 709 Quo
817 671 1033 710 adveniente,
1052 670 1342 713 contemplatione
1360 668 1515 707 Comitis,

292 913 529 948 ANDREAS
563 913 810 946 STEWART
845 914 920 957 ejus
954 923 1152 957 germanus,
1181 912 1265 956 quia
1294 910 1520 945 subdiaconus

244 1007 313 1028 non
344 1000 429 1034 erat,
455 996 492 1028 in
518 993 711 1038 episcopum
738 993 787 1027 est
812 992 1016 1038 postulatus,
1043 994 1199 1027 omnium
1225 991 1397 1031 consensu,
1423 997 1457 1026 et
1482 1003 1521 1025 eo

244 1076 366 1121 magis,
385 1077 468 1119 quia
485 1075 609 1109 Comes
627 1081 748 1119 potens
766 1080 840 1108 erat
858 1073 1041 1114 ecclesiam,
1059 1072 1307 1113 ecclesiasticos,
1320 1078 1354 1107 et
1371 1074 1520 1117 patriam

246 1158 288 1190 ab
312 1155 563 1201 oppressoribus
581 1162 614 1190 et
632 1156 924 1201 depopulantibus
948 1155 1153 1196 defendere3
1180 1153 1385 1199 missumque
1408 1153 1456 1188 est
1480 1155 1522 1187 ad

245 1236 508 1272 illustriffimum
526 1237 549 1270 J
552 1238 723 1271 ohannem
747 1238 869 1271 ducem
888 1237 1058 1270 Albaniae
1082 1237 1180 1282 regni
1204 1236 1469 1282 gubernatorem
1489 1242 1523 1269 et

246 1319 354 1364 Regis
384 1324 546 1358 tutorem,
576 1330 637 1362 per
666 1319 850 1362 primarios
881 1320 979 1364 regni
1010 1319 1095 1353 alias
1129 1316 1357 1364 designatum,
1394 1318 1523 1352 Gallias

248 1400 361 1433 adhuc
387 1398 589 1433 existentem
605 1410 612 1433 :
638 1401 699 1444 qui
717 1401 832 1434 renuit
850 1401 1034 1444 quicquam
1053 1400 1089 1433 in
1109 1400 1318 1444 praelaturis
1337 1399 1524 1444 disponere,

247 1479 353 1524 usque
371 1481 558 1514 adventum
578 1480 676 1514 suum
695 1481 732 1514 in
749 1491 918 1526 regnum3
945 1481 1006 1524 qui
1024 1481 1067 1514 ad
1086 1492 1180 1514 mare
1194 1482 1402 1515 occidentale
1415 1482 1526 1525 appli-

249 1562 331 1601 cuit,
346 1562 381 1594 in
397 1560 509 1594 mense
524 1561 631 1601 Maio,
649 1572 740 1595 anno
758 1562 888 1595 domini
907 1559 1086 1595 millesimo
1103 1560 1377 1607 quingentesimo
1395 1562 1527 1595 decimo

249 1643 382 1686 quinto.
433 1642 544 1688 Cujus
567 1643 718 1688 gratiam
741 1642 899 1676 obtinens
923 1641 1128 1686 postulatus,
1146 1641 1361 1676 intercessore
1379 1642 1524 1683 Comite,

251 1721 300 1756 est
317 1722 513 1767 responsum
540 1734 601 1767 per
623 1724 741 1757 literas
764 1724 887 1768 regias,
905 1724 947 1757 de
967 1723 1139 1758 fructibus
1157 1725 1312 1758 vacantis
1329 1723 1427 1763 sedis,
1445 1725 1527 1768 quia

252 1805 328 1836 illos
346 1814 408 1847 per
430 1805 548 1837 literas
571 1805 764 1838 ordinarias
786 1804 913 1838 habere
936 1815 1006 1838 non
1029 1809 1189 1848 poterat3
1217 1816 1345 1849 ymmo,
1358 1805 1419 1850 jus
1436 1816 1527 1838 com-

252 1895 355 1917 mune
369 1883 515 1923 secutus,
529 1885 677 1918 decanus
695 1884 815 1918 futuro
832 1883 1005 1919 successori
1022 1884 1236 1919 conservavit
1248 1884 1390 1919 eosdem.
1434 1885 1526 1919 Inte-

251 1966 328 2004 rim,
347 1966 466 1998 audito
483 1965 565 1999 dicti
584 1964 732 2010 Georgei
750 1965 922 2009 pontificis
940 1970 1061 2005 morte,
1080 1966 1227 2011 Regina,
1245 1978 1333 2011 quae
1351 1972 1435 2001 tunc
1450 1967 1524 2001 fue-

253 2051 305 2079 rat
325 2045 444 2085 Perth,
462 2057 612 2079 unacum
632 2044 780 2080 dominis
798 2046 931 2080 concilii
950 2047 1102 2090 opinioni
1126 2046 1204 2081 suae
1221 2047 1430 2088 faventibus,
1447 2059 1526 2082 con-

252 2125 383 2160 sensum
403 2125 502 2161 suum
521 2138 564 2160 ex
581 2131 678 2170 parte
697 2125 814 2172 Regis,
833 2127 992 2170 praebuit
1008 2126 1174 2173 magistro
