1837 2698
452 302 591 333 VITAE
614 302 941 335 EPISCOPORUM
963 302 1372 334 DUNKELDENSIUM.
1529 311 1549 339 3

312 411 345 444 V
348 420 501 445 ESTRAE
520 412 738 446 SPLENDOR
755 413 907 447 ecclesiae
924 414 954 447 is
971 418 1034 453 est,
1052 413 1184 447 domini
1202 417 1237 447 et
1253 420 1370 457 patres
1389 414 1457 447 mei
1476 425 1547 447 am-

262 491 412 536 pliffimi,
431 493 659 528 fundatorum
682 493 987 538 episcoporumque
1004 493 1142 540 justitia
1160 505 1199 527 ac
1216 505 1355 527 morum
1372 493 1545 533 sanctitas,

261 579 301 606 ut
318 584 420 607 nemo
431 572 583 607 vestrum
595 572 637 608 fit
654 585 771 608 rerum
789 575 1025 608 humanarum
1037 580 1110 608 tam
1128 575 1322 619 negligens,
1336 576 1397 618 qui
1413 574 1544 608 vestrae

261 653 346 687 sedis
365 655 534 699 originem
561 659 595 688 et
613 655 688 699 ejus
706 655 920 689 incrementa
943 667 1013 689 non
1031 656 1149 699 cupiat
1166 655 1389 689 vehementer
1406 656 1545 701 cognos-

260 746 344 768 cere.
370 734 450 780 Ego
463 736 555 768 inter
568 736 679 769 dictae
691 734 847 770 ecclefiae
859 738 1040 770 canonicos
1053 737 1231 776 minimus,
1245 737 1391 780 predicti
1400 737 1541 782 Georgii

259 814 424 849 antistitis
440 815 546 849 vestri
565 815 712 851 servitor
728 818 884 857 humilis,
902 816 1238 862 magnificentiffimo
1263 815 1420 851 ecclefiae
1438 830 1543 862 appa—

259 903 348 936 ratu,
372 902 406 930 et
430 895 730 931 ecclesiasticorum
749 899 785 931 in
803 899 923 932 divino
940 898 1120 942 presertim
1138 900 1234 932 cultu
1260 910 1322 942 per
1339 911 1448 933 annos
1467 901 1543 943 plu-

258 979 363 1011 rimos
384 979 504 1011 ordine
524 978 685 1022 inspecto,
706 979 918 1013 incredibilis
936 979 1108 1023 cupiditas
1130 980 1241 1013 indies
1260 980 1418 1013 animum
1436 979 1540 1014 inces-

257 1058 307 1098 sit,
334 1059 558 1105 cognoscendi
575 1061 635 1104 qui
656 1065 774 1094 tantae
791 1058 1033 1094 ecclesiasticae
1058 1059 1249 1094 honestatis
1268 1062 1463 1095 devotionis
1481 1074 1541 1105 pa-

255 1141 340 1174 riter
361 1145 396 1173 et
418 1141 598 1186 regiminis
622 1142 817 1175 conditores
835 1139 974 1175 fuissent
989 1152 998 1182 3
1022 1153 1109 1186 quos
1127 1153 1170 1175 ex
1187 1142 1256 1176 hiis
1274 1140 1425 1176 summos
1443 1142 1539 1176 fuiffe

256 1223 348 1255 viros
362 1222 567 1262 arbitrabar,
586 1223 646 1266 qui
665 1227 737 1257 tam
756 1222 939 1267 speciosam
957 1228 1030 1257 tam
1047 1224 1201 1267 preclare
1218 1223 1412 1264 fundatam,
1431 1236 1474 1258 ex
1490 1226 1540 1258 la-

255 1303 393 1346 pidibus
411 1302 508 1336 sectis
526 1304 656 1347 pariter
673 1308 708 1337 et
725 1304 827 1343 vivis,
846 1302 990 1347 posteris
1008 1303 1220 1348 reliquissent
1238 1303 1421 1339 ecclesiam.
1462 1307 1538 1339 Hoc

254 1384 501 1426 inquirendum
519 1382 636 1417 studui
655 1395 698 1417 ex
715 1384 985 1428 antiquitatibus
1003 1383 1184 1425 eccleslae3
1210 1387 1246 1419 in
1270 1388 1414 1420 cronicis
1433 1389 1536 1420 etiam

252 1467 351 1510 regni
368 1466 475 1498 incidi
490 1475 499 1505 ;
519 1470 553 1498 et
564 1476 653 1509 quae
670 1476 714 1498 ex
731 1466 779 1499 eis
797 1466 924 1498 rimare
936 1466 1172 1509 nequiveram,
1187 1468 1281 1510 apud
1292 1469 1536 1502 coenobiorum

254 1544 401 1591 registra
427 1547 537 1580 literis
556 1547 622 1592 egi,
647 1551 682 1580 et
706 1547 910 1590 pontificum
932 1548 1074 1581 nomina
1095 1548 1174 1581 inde
1200 1549 1348 1581 lucidius
1371 1550 1535 1583 intellexi.

254 1627 379 1672 Iniquo
409 1629 502 1662 enim
530 1629 596 1662 tuli
627 1628 754 1668 animo,
785 1626 957 1662 ecclesiam
982 1634 1053 1662 tam
1081 1627 1310 1668 clarissimam,
1337 1629 1535 1664 doctiffimis

252 1711 356 1743 etiam
374 1711 459 1744 viris
482 1711 611 1744 ibidem
635 1710 796 1754 prefectis
814 1711 1021 1750 decoratam,
1047 1711 1185 1744 nullum
1208 1712 1252 1744 ad
1276 1723 1351 1745 eam
1371 1713 1461 1746 diem
1481 1715 1534 1746 vel

257 1791 465 1824 mediocrem
483 1790 685 1835 scriptorem
702 1789 800 1824 fuisse
818 1790 984 1825 sortitam.
1026 1791 1076 1825 Et
1093 1793 1173 1825 licet
1190 1793 1282 1825 inter
1299 1803 1360 1825 vos
1378 1793 1535 1827 eruditis-

253 1869 327 1904 suni
348 1870 425 1910 sint,
447 1873 508 1915 qui
531 1883 604 1905 rem
630 1883 692 1916 per
718 1883 774 1905 me
795 1873 1065 1917 aggrediendam
1089 1873 1218 1916 optime
1239 1877 1273 1906 et
1295 1872 1421 1916 absque
1443 1885 1534 1907 com-

252 1953 431 1995 paratione
449 1964 614 1998 peragere
636 1951 759 1992 sciant3
786 1953 869 1996 quia
889 1957 1006 1986 tamen
1027 1953 1090 1986 hec
1112 1964 1166 1986 res
1192 1953 1359 1987 hactenus
1377 1956 1533 1999 neglecta

253 2032 311 2073 est,
330 2034 417 2067 mihi
435 2039 551 2068 tamen
565 2032 691 2079 agresti
709 2038 743 2067 et
756 2034 888 2067 inculto
902 2032 1058 2077 scriptori
1080 2035 1264 2067 vehemens
1283 2033 1415 2069 vestrae
1428 2038 1531 2070 eccle-

252 2112 317 2148 fiae
334 2115 484 2155 dilectio,
505 2121 540 2149 et
562 2116 656 2149 illius
674 2114 895 2149 sublimitatis
917 2116 1030 2154 ardor,
1048 2114 1216 2149 scribendi
1234 2116 1354 2150 ausum
1375 2116 1527 2160 prestite-
