1837 2698
478 314 617 346 VITAE
641 316 965 349 EPISCOPORUM
989 319 1396 352 DUNKELDENSIUM.
1537 330 1552 360 1
1560 330 1579 363 9

337 501 596 539 MAGISTER
629 507 948 543 ALEXANDER
982 510 1202 550 LAUDER,
1229 517 1342 545 rector
1371 514 1412 546 de
1442 513 1572 551 Ratl10‚

285 592 470 625 germanus
498 585 664 621 willelmi
691 588 837 632 episcopi
856 589 1084 635 Glasguenfis,
1108 591 1313 625 cancellarii
1339 593 1487 632 Scotiae,
1510 596 1571 627 eli-

283 663 390 706 gitur,
412 669 445 698 et
463 666 699 707 confirmatur,
717 670 777 713 qui
803 672 957 704 nondum
985 670 1199 706 consecratus
1225 684 1286 716 per
1310 685 1446 707 annum
1473 674 1565 709 stetit

283 744 409 778 electus
427 752 607 789 promotus
625 749 668 782 ad
686 748 857 784 ecelesiam
876 751 1155 786 Dunkeldensem
1172 754 1209 786 in
1227 753 1341 787 mense
1356 755 1457 799 Maij,
1475 767 1566 789 anno

283 825 414 859 domini
432 826 612 862 millefimo
635 830 974 876 quadringentesimo
991 832 1265 879 quadragesimo,
1285 842 1319 869 et
1346 837 1383 869 in
1407 835 1562 881 sequenti

280 905 392 939 mense
419 906 591 949 Octobris,
618 911 672 943 die
698 912 891 951 undecimo,
918 925 1009 948 anno
1032 916 1164 949 domini
1189 915 1369 951 millesimo
1391 921 1560 963 quadrin-

276 987 465 1031 gentefimo
482 990 754 1036 quadragesimo,
771 993 971 1040 Edinburgi
989 998 1149 1036 moritur,
1162 1002 1196 1031 et
1215 1009 1294 1031 cum
1311 1000 1469 1042 patribus
1493 1000 1561 1034 suis
1588 1005 1674 1035 Α.Ι).
1692 1008 1781 1038 1440.

276 1068 312 1100 in
329 1067 466 1103 ecclefia
484 1071 525 1104 de
543 1071 683 1106 Lauder
700 1072 852 1117 sepultus
870 1074 930 1109 est.
981 1077 1047 1111 Cui
1065 1089 1127 1122 per
1143 1079 1342 1113 electionem
1361 1079 1511 1115 succeffit

324 1312 585 1349 MAGISTER
610 1316 829 1352 JACOBUS
855 1319 1031 1361 BRUSE,
1049 1329 1162 1357 rector
1180 1326 1221 1358 de
1240 1326 1442 1371 Kylmany;
1471 1334 1503 1361 et
1522 1330 1557 1361 in

274 1393 543 1442 Dunfermeling
566 1398 782 1434 consecratus
804 1399 863 1439 est,
887 1402 1060 1437 dominica
1080 1405 1116 1437 in
1143 1405 1412 1452 Septuagefima‚
1430 1416 1555 1453 quarto

274 1474 468 1516 Februarii,
483 1489 574 1512 anno
589 1480 721 1514 domini
735 1479 917 1516 millesimo
935 1485 1273 1531 quadringentesimo
1291 1490 1554 1535 quadragefimo

271 1557 405 1599 primo:
433 1557 503 1592 Ubi
522 1557 616 1594 stetit
635 1560 811 1606 episcopus
829 1561 886 1597 sex
903 1566 1015 1604 annis,
1033 1565 1276 1612 ecclefiamque
1294 1568 1389 1603 suam
1414 1571 1552 1606 decora-

271 1637 322 1670 vit
339 1637 488 1682 pretiosa
513 1651 622 1685 cappa
643 1646 678 1675 et
703 1648 854 1686 quatuor
871 1643 1027 1688 pretiosis
1046 1646 1259 1683 vestimentis
1275 1659 1283 1682 ι
1310 1650 1359 1684 Et
1377 1651 1549 1687 ecclefiam

269 1718 311 1751 de
329 1718 481 1754 Abernit
498 1718 683 1767 affignavit
699 1728 851 1768 quatuor
869 1726 1008 1761 vicariis
1031 1727 1127 1762 chori
1144 1729 1398 1765 Dunkeldenfis
1422 1735 1548 1777 imper-

268 1805 423 1841 petuum,
441 1812 532 1836 anno
558 1804 689 1838 domini
713 1804 893 1840 millefimo
915 1809 1255 1854 quadringentesimo
1281 1814 1544 1859 quadragelimo

267 1878 371 1913 sexto.
424 1881 493 1915 Hie
511 1884 565 1916 vir
582 1882 741 1919 strenuus
760 1893 835 1921 erat
852 1893 886 1922 et
904 1889 1052 1923 viriliter
1069 1902 1175 1936 agens
1199 1899 1319 1928 contra
1345 1897 1535 1939 alpinates:

266 1959 463 1995 Tirannum
475 1969 595 1998 contra
606 1963 777 2000 ecclefiam
789 1968 913 2002 habuit
922 1969 1114 2005 Robertum
1123 1972 1241 2008 Reoch
1248 1975 1540 2024 Makdonoquhy3

265 2048 298 2076 et
318 2044 401 2086 quia
425 2044 517 2077 idem
538 2046 698 2080 tirannus
724 2047 927 2092 depopulari
953 2050 1080 2085 fecerat
1103 2058 1212 2088 terras
1236 2057 1474 2094 ecclesiasticas
1500 2064 1541 2096 de

263 2125 361 2158 Litill
379 2125 599 2167 Dunkelden‚
617 2139 703 2172 quas
721 2141 784 2173 pro
802 2135 956 2183 ternpore
973 2135 1158 2169 conductas
1176 2137 1300 2172 habuit
1317 2142 1458 2184 quidam
1478 2156 1536 2189 ge-
