1837 2698
666 316 830 350 PONTIS
852 319 1211 351 DUNKELDENSIS.
1509 329 1575 359 111

307 426 462 455 mentum
487 423 641 466 lapidum
669 425 837 460 sectorum
863 430 932 463 duo
957 427 993 474 ly
1014 428 1196 474 Rycldillis
1222 432 1337 474 precio
1367 432 1426 475 viij
1446 430 1479 464 d.
1532 432 1579 465 Et

306 502 415 534 eidem
439 503 475 535 in
499 506 709 547 empcionem
737 512 887 551 quatuor
912 510 1073 543 cellarum
1102 512 1296 556 lignearum
1323 512 1365 545 ad
1388 513 1536 545 verudos
1560 524 1580 545 a

307 581 502 627 M⁰carmyk
520 585 580 628 viij
600 583 632 618 d.
660 586 709 620 Et
726 588 836 621 eidem
855 600 916 632 per
933 592 1146 634 empcionem
1164 598 1241 625 octo
1258 592 1426 625 librarum
1446 593 1516 626 cebi
1537 593 1580 626 ab

307 660 466 707 Eugenio
485 664 574 698 Coeo
592 667 635 698 ad
654 667 909 712 mitigacionem
928 671 1113 704 umborum
1131 676 1286 705 rotarum
1305 673 1495 706 calidorum
1521 684 1581 715 per

303 748 439 786 tempus
458 747 606 788 compoti
626 747 648 790 ij
665 750 689 780 3.
717 747 766 780 Et
780 749 947 782 allocatur
962 751 1071 783 eidem
1086 762 1147 794 per
1161 753 1374 795 empcionem
1391 750 1438 785 lie
1453 751 1591 797 Drapf

303 823 338 855 in
357 822 461 857 estate
479 827 561 858 anni
579 828 727 870 compoti
751 828 892 863 diverfis
911 831 1044 864 vicibus
1072 832 1107 864 ix
1126 835 1149 864 3.
1169 833 1230 876 viij
1250 830 1282 865 d.
1336 832 1385 865 Et
1411 835 1580 866 allocatur

303 903 412 936 eidem
431 915 491 947 per
514 906 755 940 liberacionem
779 908 904 942 factam
925 909 1065 943 Andree
1083 911 1226 955 Smytht
1249 912 1348 945 fabro
1372 914 1501 956 capien.
1521 924 1581 956 per

303 994 432 1016 annum
447 985 555 1017 decim
575 997 704 1020 mercas
723 988 758 1020 in
770 987 819 1021 sui
835 991 1024 1023 mercedem
1044 991 1171 1025 laboris
1183 992 1270 1025 citra
1288 994 1529 1026 allocacionem
1546 995 1581 1026 in

305 1063 429 1097 ultimo
441 1070 600 1108 compoto
611 1069 840 1110 compotantis
855 1074 889 1102 et
903 1070 990 1103 citra
1003 1081 1126 1104 novem
1142 1070 1266 1106 solidos
1281 1084 1341 1116 per
1351 1074 1580 1118 graniterium

304 1143 357 1176 Ae
364 1145 491 1189 viginti
499 1151 568 1179 tres
575 1146 697 1180 solidos
709 1160 770 1192 per
782 1148 1011 1184 willielmum
1020 1151 1223 1186 VVichtman
1231 1155 1370 1187 nomine
1377 1154 1520 1187 Domini
1528 1133 1577 1199 ἐξ]

302 1223 336 1256 li.
350 1225 400 1268 iiij
417 1228 441 1258 3.
457 1227 516 1270 viij
532 1225 564 1260 d.
592 1227 639 1260 Et
653 1239 714 1271 per
728 1229 967 1264 liberacionem
979 1231 1105 1265 factam
1119 1232 1248 1266 Alister
1260 1233 1402 1278 Smytht
1416 1235 1452 1267 in
1464 1235 1579 1268 labore

305 1304 450 1348 triginta
467 1307 620 1350 quinque
639 1305 685 1340 lie
698 1305 827 1354 lumpis
843 1310 926 1343 ferri
945 1312 981 1343 in
999 1311 1091 1345 ferra
1105 1324 1271 1356 equorum
1286 1318 1320 1347 et
1334 1319 1490 1347 rotarum
1533 1314 1581 1348 Et

304 1385 397 1417 mille
408 1386 633 1420 tricentorum
653 1389 830 1422 clauorum
849 1391 892 1423 ad
912 1389 947 1435 ly
962 1392 1120 1425 centreis
1134 1394 1231 1426 vario
1244 1394 1358 1436 precio
1371 1392 1582 1428 confiderata

302 1462 527 1508 grossitudine
557 1469 668 1511 operis
697 1474 731 1502 et
758 1471 864 1504 clauis
892 1476 950 1504 *ke*
968 1473 1077 1517 xxviij
1103 1476 1127 1505 3.
1178 1473 1228 1506 Et
1255 1475 1365 1507 eidem
1388 1472 1517 1507 Alister
1545 1475 1580 1507 in

303 1544 548 1580 reformacione
566 1547 736 1582 serrorum
757 1551 989 1584 lathomorum
1009 1557 1043 1585 et
1061 1553 1208 1586 aliorum
1227 1552 1487 1587 necessariorum
1502 1566 1581 1598 ope-

303 1624 350 1657 ris
374 1625 507 1660 fabrilis
532 1629 647 1671 pontis
674 1641 694 1662 a
719 1630 851 1664 decimo
877 1633 1002 1675 quinto
1029 1634 1083 1666 die
1109 1632 1233 1667 menfis
1258 1634 1345 1667 Julii
1368 1635 1450 1668 anni
1470 1641 1527 1669 *te*
1547 1638 1579 1668 vc

305 1704 399 1749 xiiijtj
423 1707 459 1739 in
487 1708 578 1741 diem
605 1708 771 1752 presentis
794 1714 944 1756 compoti
966 1714 1027 1746 xix
1053 1716 1078 1746 3.
1106 1715 1154 1758 vij
1182 1712 1215 1747 d.
1239 1714 1342 1748 Dicto
1369 1716 1423 1748 die
1450 1717 1580 1749 decimo

306 1786 428 1829 quinto
453 1786 476 1818 J
479 1788 539 1820 ulii
566 1791 819 1824 exonerabatur
843 1791 1002 1826 Andreas
1024 1793 1167 1837 Smytht
1221 1793 1270 1828 Et
1288 1795 1453 1828 allocatur
1471 1796 1579 1828 eidem

307 1865 530 1900 servitoribus
563 1870 782 1911 portantibus
812 1871 929 1904 fenum
962 1877 1118 1916 emptum
1148 1884 1239 1907 anno
1272 1879 1329 1907 *tc*
1357 1876 1392 1906 vc
1416 1874 1512 1920 xiij²³⁰
1539 1878 1581 1910 ad

309 1946 450 1979 veredos
477 1947 520 1980 ab
545 1948 651 1992 Obuy
671 1951 714 1982 ad
733 1950 961 1985 Dounkelden
980 1953 1004 1997 ij
1024 1955 1048 1985 3.
1068 1954 1102 1997 vj
1122 1951 1155 1986 d.
1216 1953 1266 1987 Et
1287 1956 1455 1988 allocatur
1471 1957 1582 1990 eidem

307 2036 368 2068 per
394 2026 635 2061 liberaeionem
659 2029 785 2063 factam
811 2030 1012 2065 Alexandro
1034 2032 1183 2078 Murray
1204 2034 1358 2068 lathomo
1379 2035 1416 2068 in
1443 2035 1581 2070 feodum

307 2103 403 2138 suum
424 2107 464 2140 de
482 2109 627 2151 pecunia
649 2110 735 2143 citra
753 2111 834 2144 vict.
852 2123 872 2144 a
896 2113 1044 2146 termino
1067 2112 1184 2147 Sancti
1208 2114 1352 2148 Mertini
1377 2116 1458 2149 anni
1477 2121 1534 2149 *tc*
1550 2119 1583 2149 v‘
