1837 2698
320 321 364 352 48
493 319 631 350 VITAE
652 319 979 350 EPISCOPORUM
1001 318 1409 349 DUNKELDENSIUM.

319 428 356 460 in
369 428 619 471 reparationem
631 425 795 466 ecclefiae,
807 428 934 471 pontis,
947 431 981 460 et
994 427 1202 470 pauperibus
1216 427 1252 460 in
1262 424 1472 460 elimosinam
1486 427 1564 472 lego
1576 438 1586 466 3

319 512 516 541 executores
542 506 722 547 constituo,
748 512 995 551 precentorem,
1013 507 1293 540 archidiaconum
1318 511 1352 540 et
1377 507 1586 545 officialem‚”

319 592 434 621 tamen
463 599 541 621 cum
571 589 771 622 continuam
801 587 924 621 habuit
953 587 1200 626 infirmitatem,
1231 588 1446 631 capellanum
1478 586 1578 621 suum

318 668 354 700 in
384 668 632 702 cubicularium
669 669 816 707 vocavit,
854 672 889 701 et
926 668 963 700 in
1004 667 1116 700 mense
1150 667 1277 711 Aprili,
1319 679 1409 701 anno
1451 668 1585 701 domini

320 746 373 780 Μο
390 747 562 782 CCCCC0.
588 749 719 782 decimo
747 753 881 792 quarto,
905 746 1148 781 testamentum
1174 758 1235 790 per
1261 748 1403 780 modum
1426 748 1589 780 indentu-

318 839 386 867 rae,
409 829 537 872 duplici
554 828 678 868 forma,
700 840 807 862 manu
830 827 989 873 Magistri
1007 827 1178 861 Johannis
1197 827 1332 860 Thome
1355 828 1493 866 notarii,
1514 826 1589 861 sua-

317 919 384 952 que
412 920 518 942 manu
545 910 686 952 propria
715 907 956 952 subscriptum,
982 907 1080 941 scribi
1106 908 1211 947 fecit;
1239 907 1355 941 debita
1379 908 1585 947 annotavit3

317 987 501 1029 succeffori,
526 1000 587 1033 per
604 989 777 1022 summum
803 989 999 1032 pontificem
1025 989 1269 1032 promovendo,
1287 986 1457 1027 utensilia,
1476 993 1510 1021 et
1527 989 1588 1021 do..

316 1069 446 1102 micilia
469 1069 591 1113 palatii
616 1066 868 1102 Dunkeldenfis
894 1069 1034 1113 legavit,
1060 1069 1142 1112 quia
1168 1068 1238 1112 ipse
1263 1068 1421 1112 pontifex
1446 1068 1586 1101 effectus

316 1149 405 1182 nihil
434 1149 558 1182 horum
591 1149 627 1182 in
659 1149 789 1192 palatio
819 1149 990 1181 obtinuit:
1033 1153 1067 1182 et
1097 1149 1361 1182 indenturarum
1390 1146 1587 1193 hujusmodi

316 1234 450 1273 partem
480 1240 586 1262 unam
619 1228 846 1272 prebendario
872 1230 913 1261 de
940 1228 1063 1272 Alyth‚
1089 1233 1124 1262 et
1149 1229 1235 1262 mihi
1261 1230 1416 1267 alteram,
1441 1228 1585 1261 tradidit

316 1308 572 1343 conservandas.
620 1309 689 1342 Per
704 1310 799 1342 illam
814 1320 896 1342 vero
915 1314 1080 1342 aestatem
1098 1309 1190 1353 apud
1207 1306 1378 1342 ecclesiam
1396 1308 1491 1341 suam
1509 1305 1588 1341 refi-

316 1390 409 1428 dens,
427 1390 575 1423 orationi
593 1390 859 1433 contemplando
877 1389 1022 1423 vacabat
1037 1399 1047 1429 3
1074 1394 1108 1423 et
1125 1390 1346 1423 recreationis
1368 1387 1477 1428 causa,
1496 1389 1588 1422 inter

316 1471 496 1509 orandum,
514 1470 628 1514 pontis
646 1481 732 1513 opus
750 1470 791 1502 de
808 1467 956 1502 fenestra
974 1480 1127 1503 camerae
1144 1468 1222 1503 suae
1240 1468 1433 1513 aspiciebat.
1467 1468 1586 1502 Finito

315 1550 427 1594 primo
445 1561 527 1583 arcu
551 1550 677 1594 pontis,
698 1550 823 1594 hyeme
849 1550 1161 1593 appropinquante,
1180 1549 1292 1593 coepit
1314 1549 1459 1582 debilius
1477 1547 1509 1582 se
1526 1549 1586 1582 ha-

318 1630 396 1664 bere
411 1640 420 1669 ;
448 1635 482 1663 et
499 1630 658 1673 quamvis
676 1630 887 1674 Margareta‚
902 1640 998 1662 soror
1012 1630 1095 1662 dicti
1114 1628 1257 1663 Henriei
1273 1629 1390 1673 Regis,
1404 1628 1584 1662 Scotorum

318 1710 463 1755 Regina,
490 1721 550 1754 per
567 1710 699 1743 dictum
716 1709 885 1742 ,Iacobum
902 1713 1066 1753 quartum
1083 1708 1182 1742 suum
1200 1708 1368 1753 sponsum,
1386 1709 1497 1742 tutrix
1515 1709 1585 1741 filio

316 1802 358 1825 ex
383 1789 586 1825 testamento
612 1788 780 1834 descripta
804 1790 928 1829 fuerat,
954 1795 988 1823 et
1013 1790 1045 1822 ei
1070 1790 1286 1834 aliquamdiu
1311 1790 1510 1829 obeditum3
1529 1788 1584 1823 sed

316 1873 397 1916 quia
414 1877 497 1905 tunc
514 1869 676 1915 nupserat
693 1870 945 1904 Archibaldum
963 1868 1199 1915 Angufiarum
1217 1871 1388 1910 comitem,
1412 1868 1585 1913 irrequisi-

315 1958 350 1986 to
380 1953 600 1986 dominorum
624 1956 658 1985 et
683 1962 864 1994 procerum
890 1952 987 1996 regni
1014 1949 1162 1990 confflio,
1187 1952 1281 1994 apud
1305 1951 1584 1995 Dumfermeling

315 2034 475 2066 concione
492 2032 622 2071 habita,
650 2032 748 2077 regni
774 2030 926 2065 consules
948 2043 1024 2064 eam
1042 2030 1152 2065 officio
1169 2032 1228 2065 illo
1245 2032 1416 2075 privatam
1435 2031 1583 2064 declara-

314 2117 420 2153 runt;
455 2117 490 2146 et
517 2111 659 2146 illustris
688 2112 711 2145 J
714 2112 868 2147 ohannes
898 2112 1068 2146 Albaniae
1098 2113 1180 2152 dux,
1210 2113 1246 2145 in
1280 2111 1387 2156 Regis
1420 2115 1582 2149 tutorem,
