1837 2698
316 296 361 326 82
607 294 630 323 C
635 292 865 324 OMPOTUM
886 293 1055 324 DECANI
1077 292 1285 324 ANGUSIE.

362 398 470 434 IDEM
485 406 684 445 compotans
698 406 818 435 onerat
831 401 863 435 se
881 402 922 435 de
939 402 1037 446 xxxij
1057 403 1092 435 li.
1111 402 1152 436 de
1170 403 1314 447 integris
1332 402 1586 446 procuracionj-

313 480 375 514 bus
402 480 617 516 ecclesiarum
633 482 685 516 sui
703 483 888 516 decanatus
914 483 950 515 in
975 483 1148 526 prioribus
1166 483 1333 526 compotis
1350 479 1581 526 expressarum

298 564 301 565 ⁷
312 562 352 594 de
364 573 455 595 anno
467 568 524 596 21:13³
536 564 570 595 vc
580 563 654 607 ijo
667 562 716 596 Et
727 564 768 596 de
780 563 876 608 xxxij
894 564 928 596 li.
943 564 985 596 de
1000 562 1125 597 eisdem
1143 564 1448 607 procuracionibus
1460 575 1581 598 earun-

309 642 386 674 dem
403 640 618 676 ecclesiarum
636 644 677 676 de
699 641 793 688 Crop
809 643 892 677 anni
906 647 963 676 ‘ze‘
982 645 1016 676 vc
1032 640 1114 688 xij'ni
1136 642 1186 676 Et
1199 644 1241 676 de
1257 644 1317 688 xxj
1333 644 1369 676 li.
1387 644 1423 676 ix
1440 646 1464 677 ἔ.
1478 623 1529 688 iiij
1545 641 1577 676 d.

309 723 350 754 de
368 722 455 756 Cota
472 723 614 756 Domini
632 734 674 756 ex
692 722 903 757 testamentis
921 723 1163 757 defunctorum
1185 735 1246 767 per
1270 729 1406 767 tempus
1429 724 1577 767 compoti

387 802 530 835 Summa
546 803 652 847 hujus
671 804 784 836 oneris
801 781 909 848 ffijxxv
926 804 962 837 li.
980 803 1017 836 ix
1034 805 1059 836 ἔ.
1077 782 1128 848 iiij
1148 801 1180 837 d.

1034 861 1057 875 ΟΥ

386 882 528 915 Summa
546 884 654 916 tocius
672 883 785 916 oneris
803 894 882 916 cum
900 880 1006 915 Resta
1023 883 1105 928 iiijxx
1124 883 1182 927 xvj
1203 884 1238 916 li.
1257 883 1318 927 viij
1338 885 1364 916 ἔ.
1383 883 1433 927 iiij
1453 880 1488 915 d.

352 1044 584 1077 EXPENSE
620 1043 785 1089 Ejusdem
837 1043 879 1077 In
913 1044 1035 1087 primis
1069 1045 1238 1077 allocatur
1271 1044 1483 1086 compotanti
1513 1054 1574 1086 per

302 1127 540 1160 liberacionem
567 1125 695 1158 factam
720 1124 872 1157 Domino
898 1136 959 1168 per
990 1135 1113 1157 manus
1140 1124 1350 1167 precentoris
1377 1124 1418 1156 de
1452 1135 1574 1166 procu—

299 1206 495 1240 racionibus
519 1203 652 1239 ecclesie
676 1206 717 1238 de
743 1204 939 1238 Kinclewin
965 1205 1007 1237 de
1031 1205 1131 1237 annis
1155 1204 1305 1247 compoti
1331 1208 1371 1236 ut
1394 1208 1489 1246 patet
1512 1215 1573 1247 per

298 1288 503 1331 scripturam
530 1286 672 1319 Domini
694 1285 768 1329 ejus
794 1296 900 1318 manu
917 1283 1144 1328 subscriptam
1171 1282 1337 1317 ostensam
1356 1282 1456 1327 super
1481 1295 1571 1317 com-

299 1374 419 1413 potum
434 1379 456 1401 v
469 1368 504 1400 li.
520 1368 553 1412 vj
572 1368 595 1399 ἔ.
612 1367 671 1411 viij
688 1364 720 1399 d.
759 1365 807 1399 Et
827 1367 994 1399 allocatur
1011 1366 1121 1398 eidem
1140 1365 1351 1408 compotanti
1370 1375 1431 1407 per
1448 1364 1570 1397 libera-

298 1450 430 1482 cionem
450 1448 578 1481 factam
600 1445 769 1491 Magistro
795 1446 948 1479 Roberto
970 1446 1107 1489 Spanke
1126 1444 1316 1478 Senescallo
1334 1445 1475 1477 Domini
1493 1456 1569 1487 pre-

299 1528 383 1562 senti
396 1534 429 1562 et
444 1529 565 1562 fatenti
580 1528 680 1571 super
694 1532 891 1570 compotum
906 1527 947 1559 de
962 1527 1087 1571 viginti
1106 1527 1203 1560 libris
1218 1537 1280 1569 pro
1294 1525 1419 1569 quibus
1433 1524 1568 1568 respon-

297 1610 391 1642 debit
409 1611 445 1642 in
466 1610 624 1652 proximo
642 1613 799 1651 compoto
817 1606 875 1640 suo
894 1608 1068 1640 reddendo
1118 1606 1167 1639 Et
1190 1607 1357 1639 allocatur
1375 1606 1483 1638 eidem
1507 1616 1567 1647 per

297 1691 536 1723 liberacionein
557 1689 683 1722 factam
704 1686 872 1733 Magistro
891 1688 1007 1721 Dauid
1025 1687 1179 1720 Carraile
1197 1686 1329 1719 Clerico
1347 1685 1567 1719 vicecomitis

296 1773 337 1805 de
356 1771 481 1804 Forfar
492 1782 554 1814 pro
565 1775 714 1813 quatuor
727 1769 928 1802 Retornatis
946 1774 1118 1802 terrarum
1133 1768 1173 1800 de
1192 1767 1411 1811 Cragnathro
1418 1766 1526 1810 xxviij
1540 1767 1564 1798 ἔ.

393 1851 535 1884 Summa
552 1850 657 1894 hujus
675 1848 817 1893 expense
835 1850 894 1893 xxj
915 1849 949 1881 li.
969 1850 1028 1893 viij
1049 1851 1072 1881 ἔ.

391 1930 534 1964 Summa
552 1930 706 1963 omnium
721 1927 946 1972 expensarum
964 1929 1047 1972 xxvj
1063 1929 1098 1961 li.
1113 1907 1187 1972 xi‘i'ij
1204 1930 1228 1961 ἔ.
1244 1928 1303 1972 viij
1323 1925 1355 1960 d.
1400 1926 1448 1959 Et
1465 1927 1563 1959 debet

391 2015 590 2054 compotans
610 2022 671 2054 pro
685 2010 814 2053 quibus
832 2009 1048 2053 respondebit
1067 2010 1103 2041 in
1122 2013 1279 2051 compoto
1297 2007 1425 2040 fabrice
1441 2006 1562 2040 Pontis

389 2091 561 2124 reddendo
579 2090 685 2134 iijxxix
702 2091 736 2123 li.
754 2090 815 2134 xiij
835 2091 859 2121 ἔ.
880 2090 939 2134 viij
959 2087 992 2123 d.
