1837 2698
422 304 562 336 VITAE
581 304 913 336 EPISCOPORUM
934 303 1345 336 DUNKELDENSIUM.
1491 307 1533 338 11

252 415 426 458 operibus,
452 415 488 448 in
507 416 562 449 die
581 416 726 449 Sanctae
744 415 902 455 Ceciliae,
925 415 1018 459 apud
1037 414 1244 447 Tibermure
1262 413 1422 452 moritur,
1447 417 1481 445 et
1499 414 1535 445 in

252 494 471 535 Dunkelden,
494 496 530 529 in
552 498 697 540 antiqua
717 494 853 529 ecclefia
875 507 964 539 quae
981 495 1096 528 fuerat
1113 492 1364 528 monasterialis
1382 494 1534 527 tumula-

251 580 319 615 tur,
334 587 425 610 anno
437 577 569 610 domini
583 575 762 610 millesnno
775 574 1006 610 ducentesimo
1020 573 1283 620 quadragefimo
1296 586 1388 608 nono
1403 585 1411 607 z
1435 574 1534 619 cujus
1563 576 1601 604 A.
1612 576 1650 604 D.
1666 578 1746 604 1:249.

251 655 301 690 est
318 657 384 690 hoc
402 658 629 702 epitaphium,
648 662 668 676 ‘⁶
683 658 762 698 Hic,
781 655 1034 691 Dunkeldenfis
1053 658 1133 690 cleri
1151 657 1266 695 decus,
1284 657 1368 701 egis,
1387 661 1421 689 et
1435 653 1533 694 enfis,

250 737 428 772 Galfridus
446 740 567 773 tumba
584 738 704 783 pausat
722 738 784 772 sub
801 743 900 782 patre
918 737 1116 772 Columba.”
1155 737 1222 770 Cui
1240 748 1302 781 per
1319 737 1453 782 Regem
1472 748 1533 770 no-

249 821 403 855 minatus
420 819 572 855 succeffit

297 982 561 1022 RICARDUS,
574 982 681 1027 Regis
699 982 946 1021 Cancellarius,
958 986 992 1015 et
1010 982 1094 1015 dum
1114 978 1246 1015 sedisset
1264 980 1422 1025 pontifex
1440 992 1531 1014 anno

248 1075 329 1103 uno,
348 1068 507 1098 mortuus
529 1062 579 1097 est
599 1065 691 1108 apud
710 1064 935 1103 Crawmund‚
953 1069 986 1097 et
1003 1063 1157 1107 sepultus
1175 1062 1225 1096 est
1242 1064 1279 1096 in
1298 1061 1408 1096 insula
1425 1062 1532 1096 sancti

249 1145 438 1179 Columbae
462 1147 504 1179 de
522 1145 685 1185 Emonia,
704 1158 794 1180 anno
813 1147 944 1179 domini
968 1143 1148 1179 millesimo
1171 1143 1402 1179 ducentesimo
1425 1146 1529 1190 quin·
1559 1146 1738 1175 A·D-12250-

250 1224 460 1271 quagefimo.
512 1226 578 1260 Cui
598 1238 660 1270 per
677 1227 812 1260 favores
832 1227 939 1272 Regis
957 1224 1089 1260 suceffit

296 1386 556 1421 MAGISTER
583 1387 834 1421 RICARDUS
863 1389 904 1421 de
936 1388 1290 1428 INUERKEITHING‚
1318 1390 1529 1423 camerarius

247 1468 386 1509 Scotiae,
404 1470 634 1514 grandaevus,
647 1467 775 1515 justus,
793 1474 827 1503 et
852 1467 1030 1503 fidiffimus
1052 1470 1160 1515 Regis
1186 1467 1410 1504 consiliarius.
1439 1471 1529 1505 Cum

247 1551 347 1584 annis
361 1552 489 1596 viginti
507 1551 641 1585 duobus
657 1551 855 1585 cathedram
873 1549 1020 1591 rexiffet,
1032 1552 1087 1584 die
1101 1550 1218 1585 Sancti
1233 1551 1357 1597 Magni
1375 1553 1529 1586 martiris

247 1632 355 1673 obiit3
383 1633 483 1678 cujus
509 1644 633 1678 corpus
659 1633 880 1674 Dunkelden,
905 1638 940 1667 et
966 1644 1024 1667 cor
1049 1634 1086 1667 in
1113 1634 1308 1678 aquilonari
1334 1634 1466 1678 pariete
1492 1635 1529 1667 in

247 1715 351 1749 choro
369 1712 523 1748 ecclesiae
540 1714 659 1749 Sancti
677 1715 867 1749 Columbae
888 1717 930 1749 de
948 1715 1109 1756 Emonia,
1127 1727 1233 1760 quam
1259 1713 1432 1750 ecclefiam
1457 1715 1527 1760 ipse

248 1796 345 1839 prius
363 1793 612 1835 construxerat,
631 1797 827 1837 collocatur,
840 1808 931 1831 anno
949 1798 1080 1831 domini
1099 1795 1279 1831 millesimo
1297 1794 1528 1832 ducentesimo
1556 1797 1733 1827 A.D.1272.

247 1873 495 1922 septuagefimo
512 1875 668 1911 secundo.
720 1878 786 1912 Cui
805 1890 866 1923 per
885 1880 1085 1913 electionem
1104 1877 1255 1913 succeffit
