1837 2698
269 309 290 338 4
441 305 580 336 VITAE
603 305 932 337 EPISCOPORUM
954 305 1362 337 DUNKELDENSIUM.

268 419 351 448 runt
369 419 403 447 et
420 419 536 448 ortum
551 425 560 454 ;
584 426 654 448 non
672 420 712 448 ut
728 414 908 449 scribenda
926 427 968 449 ex
986 427 1041 449 me
1059 416 1211 460 aliquam
1229 416 1379 449 habeant
1397 417 1546 449 auctori-

268 500 386 534 tatem,
410 493 466 528 sed
492 495 576 528 lima
597 493 749 528 vestrum
773 495 873 535 tersa,
900 494 986 530 ficut
1007 494 1120 529 vestro
1142 495 1252 529 visum
1277 497 1384 530 fuerit
1402 497 1546 541 judicio,

267 588 345 620 quae
364 576 480 609 minus
501 576 586 609 bene
604 577 696 610 dicta
713 576 792 610 sunt
809 576 1014 618 resecentur,
1032 583 1066 611 et
1083 578 1217 622 reliqua
1234 579 1472 617 retineantur3
1491 589 1546 611 me

266 658 302 690 in
319 657 384 690 hoc
401 654 523 690 vestris
539 655 688 691 subdens
706 659 987 692 correctionibus.

312 820 575 854 SCRIPTURUM
590 832 645 854 me
663 821 705 854 de
724 819 857 854 vestrae
869 821 955 855 sedis
974 822 1085 860 initio,
1104 826 1240 865 oportet
1258 822 1372 865 primo
1391 825 1545 854 retexere

264 903 414 945 qualiter
431 900 679 936 Constantinus
692 901 871 935 Pictorum
890 913 951 935 rex
968 903 1103 941 tertius,
1122 902 1214 935 Divo
1230 901 1419 935 Columbae
1437 901 1546 934 totius

265 989 346 1017 tunc
375 984 474 1028 regni
504 988 651 1027 patrono
677 984 833 1022 devotus,
860 981 1108 1016 monasterium
1138 980 1270 1027 insigne
1300 980 1401 1025 super
1431 983 1544 1026 ripam

263 1063 416 1097 fluminis
431 1062 607 1108 TayenfiS,
626 1065 662 1096 in
681 1065 764 1097 locis
782 1064 850 1097 illis
869 1075 957 1107 quae
969 1074 1061 1096 nunc
1075 1063 1260 1106 occupatis,
1279 1074 1340 1096 vos
1358 1064 1545 1096 reverende

262 1148 370 1186 pater,
389 1155 452 1187 pro
473 1149 549 1177 orto
567 1144 737 1182 orientali,
756 1149 790 1176 et
809 1155 870 1177 vos
887 1143 1087 1176 Alexander
1105 1154 1168 1187 pro
1186 1141 1360 1176 mansione
1378 1144 1420 1176 de
1439 1143 1544 1181 Creif,

262 1225 299 1256 in
317 1223 466 1269 ejusdem
485 1225 556 1257 divi
582 1224 750 1257 Columbe
770 1224 947 1263 honorem,
975 1225 1017 1256 ad
1036 1223 1154 1256 Sancti
1173 1222 1398 1266 Adampnani
1416 1222 1546 1257 instan-

262 1306 347 1337 tiam
371 1303 562 1338 construxit
590 1310 623 1337 et
649 1305 795 1343 dotavit,
822 1304 912 1337 circa
937 1315 1046 1337 annos
1070 1305 1201 1337 domini
1232 1302 1467 1348 septingentos
1494 1306 1545 1337 vi-

263 1388 352 1432 ginti
381 1398 517 1426 novem,
544 1385 620 1430 post
643 1384 873 1419 constructam
896 1383 1069 1419 ecclesiam
1092 1386 1134 1418 de
1152 1384 1348 1418 Abernethi
1370 1386 1413 1418 ad
1435 1396 1544 1419 annos

262 1469 427 1501 ducentos
451 1468 577 1512 viginti
601 1466 669 1505 sex,
698 1477 822 1499 novem
849 1465 979 1499 menses
1003 1471 1036 1499 et
1058 1465 1115 1499 sex
1139 1467 1221 1504 dies,
1249 1470 1295 1503 at,
1327 1470 1366 1499 ut
1395 1466 1541 1498 aliorum

262 1547 311 1581 est
329 1549 457 1591 opinio,
476 1548 641 1580 ducentos
659 1548 896 1592 quadraginta
908 1551 1068 1590 quatuor.
1112 1546 1155 1579 In
1168 1557 1237 1589 quo
1251 1547 1392 1590 quidem
1410 1546 1543 1579 monas-

264 1629 351 1661 terio
370 1626 535 1671 imposuit
554 1628 647 1660 viros
670 1625 855 1671 religiosos,
874 1638 961 1670 quos
981 1627 1175 1660 nominavit
1193 1628 1320 1671 vulgus
1339 1623 1543 1664 Kelledeos,

263 1710 362 1742 aliter
380 1709 538 1747 colideos,
555 1708 620 1741 hoc
634 1706 693 1746 est,
708 1709 856 1741 colentes
874 1707 988 1741 Deum
1004 1719 1013 1747 3
1032 1708 1198 1741 habentes
1212 1712 1339 1747 tamen,
1356 1707 1541 1741 secundum

263 1790 440 1823 orientalis
461 1787 603 1822 ecclesae
626 1789 734 1822 ritum
757 1790 933 1834 conjuges,
959 1800 979 1822 a
999 1789 1138 1832 quibus,
1163 1789 1247 1821 dum
1272 1786 1415 1821 viciffim
1441 1790 1543 1822 mini-

269 1869 433 1908 strarunt,
455 1868 689 1909 abstinebant3
708 1866 794 1902 ficut
815 1868 932 1913 postea
953 1871 990 1902 in
1013 1867 1150 1902 ecclesia
1166 1869 1268 1902 Beati
1290 1869 1429 1914 Reguli,
1451 1881 1543 1903 nunc

263 1952 379 1985 Sancti
397 1949 570 1989 Andreae,
593 1948 792 1983 consuetum
816 1954 900 1982 tunc
916 1949 994 1983 fuit.
1046 1949 1113 1983 Sed
1131 1951 1215 1983 dum
1233 1950 1364 1993 placuit
1381 1946 1541 1982 altiffimo

264 2033 370 2066 totius
396 2029 601 2064 christianae
627 2030 804 2075 religionis
830 2031 1053 2070 moderatori,
1083 2029 1319 2074 crescenteque
1344 2030 1539 2073 principum

264 2114 448 2147 devotione
474 2116 509 2146 et
534 2111 726 2151 sanctitate,
744 2111 860 2145 David
884 2123 945 2146 rex
966 2111 1114 2152 sanctus,
1136 2112 1258 2157 junior
1280 2111 1430 2146 filiorum
1451 2111 1541 2145 Mal-
