1837 2698
895 322 922 349 11

267 425 429 465 officialis,
441 430 475 459 et
486 427 633 459 decanus
646 426 918 460 Christianitatis
930 428 966 460 in
980 427 1136 470 partibus
1148 427 1416 472 Angusiarum‚'’
1429 434 1539 467 antea,

269 522 417 554 ecclesiae
444 520 701 555 Aberdonensis
727 523 912 556 canonicus
943 523 1049 556 fuisse
1075 525 1235 556 traditur.
1286 524 1364 563 Quo
1389 529 1542 568 tempore

271 617 382 649 sedem
404 618 590 650 mutaverit
611 617 704 650 haud
723 618 805 650 satis
831 619 962 661 liquet:
980 624 1115 652 constat
1129 624 1244 652 tamen
1263 631 1304 653 ex
1323 621 1431 653 veteri
1449 631 1539 653 com-

272 718 435 755 putorum
461 714 550 746 libro
576 714 791 756 episcopatus
822 714 1089 754 DunkeldensiS,
1116 727 1194 748 eum
1224 716 1329 760 hujus
1359 717 1539 749 dioeceseos

272 810 536 852 prebendarium
557 810 631 854 jam
655 810 761 843 fuisse
785 821 874 844 anno
897 813 1002 850 1505,
1031 822 1138 855 eoque
1159 823 1260 851 anno,
1281 823 1397 845 meuse
1416 811 1542 855 Aprili,

275 905 421 938 officium
441 907 626 939 decanatus
643 907 767 939 ruralis
786 907 986 949 suscepisse.

324 1002 428 1035 Hisce
441 1002 642 1035 muneribus
660 1003 709 1035 ita
722 1002 861 1035 functus
876 1007 937 1041 est,
952 1008 992 1036 ut
1006 1003 1131 1047 dignus
1146 1004 1192 1036 sit
1204 1003 1344 1036 habitus
1362 1005 1433 1046 qui,
1453 1014 1542 1037 anno

278 1096 379 1136 1516,
398 1097 601 1131 Monasterii
614 1098 865 1142 Augustiniani
884 1098 999 1131 Beatae
1013 1098 1170 1143 Virginis
1183 1099 1225 1131 de
1237 1098 1542 1132 Cambuskenneth

274 1194 393 1227 Abbas
417 1195 666 1238 designaretur,
687 1195 723 1226 in
745 1195 858 1227 locum
877 1193 1019 1227 Patricii
1042 1194 1194 1234 Painter,
1219 1195 1325 1239 Regis
1351 1195 1542 1234 Secretarii,

274 1291 333 1333 qui
347 1291 544 1323 valetudine
561 1290 720 1323 laborans
738 1301 758 1322 a
775 1290 876 1323 rebus
899 1291 1057 1334 gerendis
1076 1291 1223 1329 secessit,
1240 1292 1424 1324 reservatis
1443 1292 1542 1325 bene-

273 1386 339 1419 ficii
357 1386 537 1419 fructibus.
575 1385 675 1419 Vixit
690 1385 873 1424 Patricius,
887 1387 1019 1429 aliquot
1042 1388 1162 1419 saltem
1176 1398 1295 1426 annos,
1309 1387 1409 1420 officii
1423 1398 1540 1430 super-

274 1487 352 1520 stes,
369 1493 431 1515 nec
449 1483 570 1520 multo,
587 1486 627 1514 ut
646 1482 794 1520 videtur,
811 1486 891 1515 ante
914 1493 1044 1515 annum
1063 1484 1167 1521 1522,
1185 1483 1316 1515 reditus
1339 1484 1537 1516 monasterii

272 1589 444 1611 successor
461 1579 601 1621 accepit.

321 1674 410 1707 Tam
422 1676 584 1718 opulento
595 1674 757 1708 beneficio
768 1675 908 1707 tandem
921 1684 1041 1708 revera
1052 1675 1193 1718 potitus,
1205 1674 1384 1717 factusque
1394 1675 1538 1708 coenobii

273 1784 410 1816 praeses,
421 1774 526 1818 regiae
540 1774 612 1806 sedi
626 1773 743 1811 vicini,
757 1776 801 1812 et,
817 1772 1052 1805 ecclesiasticae
1069 1772 1250 1816 dignitatis
1263 1772 1355 1816 jure,
1369 1771 1539 1805 Dominus

274 1869 503 1912 parliamenti,
521 1873 641 1902 auctor
658 1872 774 1902 noster
791 1869 909 1901 statim
931 1868 969 1900 in
991 1872 1149 1911 apertum
1171 1869 1326 1911 prolatus
1344 1873 1404 1901 est.
1456 1868 1540 1901 Post

272 1977 401 1998 annum
414 1964 846 2004 1525,C0mmissi0narius
857 1974 1089 2007 saepenumero
1100 1963 1143 1996 ad
1154 1964 1380 2007 parliamenta
1392 1964 1539 1996 tenenda

273 2062 480 2100 nominatus,
494 2072 627 2104 semper
639 2060 710 2094 fere
728 2061 771 2093 ad
788 2058 955 2093 articulos
972 2071 1034 2103 pro
1048 2057 1140 2092 clero
1153 2060 1291 2098 electus,
1309 2058 1539 2092 Dominoruln
