<?xml version="1.0" encoding="UTF-8"?>
<!DOCTYPE html PUBLIC "-//W3C//DTD XHTML 1.0 Transitional//EN"
    "http://www.w3.org/TR/xhtml1/DTD/xhtml1-transitional.dtd">
<html xmlns="http://www.w3.org/1999/xhtml" xml:lang="en" lang="en">
 <head>
  <title>
</title>
<meta http-equiv="Content-Type" content="text/html;charset=utf-8" />
  <meta name='ocr-system' content='tesseract 3.04.00' />
  <meta name='ocr-capabilities' content='ocr_page ocr_carea ocr_par ocr_line ocrx_word'/>
</head>
<body>
  <div class='ocr_page' id='page_1' title='image "./vitaedunkeldensi00myln_0062.png"; bbox 0 0 1837 2698; ppageno 0'>
   <div class='ocr_carea' id='block_1_1' title="bbox 325 313 1431 347">
    <p class='ocr_par' dir='ltr' id='par_1_1' title="bbox 325 313 1431 347">
     <span class='ocr_line' id='line_1_1' title="bbox 325 313 1431 347; baseline 0.001 -1"><span class='ocrx_word' id='word_1_1' title='bbox 325 316 370 346; x_wconf 77' lang='lat'>40</span> <span class='ocrx_word' id='word_1_2' title='bbox 509 313 648 345; x_wconf 93' lang='lat' dir='ltr'>VITAE</span> <span class='ocrx_word' id='word_1_3' title='bbox 672 314 1002 346; x_wconf 89' lang='lat' dir='ltr'>EPISCOPORUM</span> <span class='ocrx_word' id='word_1_4' title='bbox 1023 314 1431 347; x_wconf 88' lang='lat' dir='ltr'><strong>DUNKELDENSIUM.</strong></span> 
     </span>
    </p>
   </div>
   <div class='ocr_carea' id='block_1_2' title="bbox 322 422 1607 552">
    <p class='ocr_par' dir='ltr' id='par_1_2' title="bbox 322 422 1607 552">
     <span class='ocr_line' id='line_1_2' title="bbox 322 422 1607 470; baseline 0.003 -15"><span class='ocrx_word' id='word_1_5' title='bbox 322 422 498 456; x_wconf 91' lang='lat' dir='ltr'>decretum</span> <span class='ocrx_word' id='word_1_6' title='bbox 512 423 744 457; x_wconf 88' lang='lat' dir='ltr'>Dominorum</span> <span class='ocrx_word' id='word_1_7' title='bbox 759 424 916 464; x_wconf 88' lang='lat' dir='ltr'>Concilii,</span> <span class='ocrx_word' id='word_1_8' title='bbox 935 436 997 468; x_wconf 88' lang='lat' dir='ltr'>per</span> <span class='ocrx_word' id='word_1_9' title='bbox 1011 425 1201 458; x_wconf 82' lang='lat' dir='ltr'>evidentias</span> <span class='ocrx_word' id='word_1_10' title='bbox 1218 437 1280 469; x_wconf 85' lang='lat' dir='ltr'>per</span> <span class='ocrx_word' id='word_1_11' title='bbox 1297 437 1352 459; x_wconf 91' lang='lat' dir='ltr'>me</span> <span class='ocrx_word' id='word_1_12' title='bbox 1371 426 1445 470; x_wconf 89' lang='lat' dir='ltr'>ejus</span> <span class='ocrx_word' id='word_1_13' title='bbox 1468 427 1607 460; x_wconf 87' lang='lat' dir='ltr'>nomine</span> 
     </span>
     <span class='ocr_line' id='line_1_3' title="bbox 323 500 1602 552; baseline 0.005 -17"><span class='ocrx_word' id='word_1_14' title='bbox 323 500 469 536; x_wconf 84' lang='lat' dir='ltr'>ostensas</span> <span class='ocrx_word' id='word_1_15' title='bbox 485 514 493 544; x_wconf 83' lang='lat'><em>3</em></span> <span class='ocrx_word' id='word_1_16' title='bbox 519 515 580 548; x_wconf 90' lang='lat' dir='ltr'>per</span> <span class='ocrx_word' id='word_1_17' title='bbox 597 505 691 549; x_wconf 89' lang='lat' dir='ltr'>quod</span> <span class='ocrx_word' id='word_1_18' title='bbox 708 505 877 539; x_wconf 87' lang='lat' dir='ltr'>liberatur</span> <span class='ocrx_word' id='word_1_19' title='bbox 894 503 1031 539; x_wconf 82' lang='lat' dir='ltr'>ecclesia</span> <span class='ocrx_word' id='word_1_20' title='bbox 1050 506 1092 539; x_wconf 85' lang='lat' dir='ltr'>ab</span> <span class='ocrx_word' id='word_1_21' title='bbox 1111 507 1279 540; x_wconf 88' lang='lat' dir='ltr'>evictione</span> <span class='ocrx_word' id='word_1_22' title='bbox 1296 507 1483 551; x_wconf 85' lang='lat' dir='ltr'>praedicta,</span> <span class='ocrx_word' id='word_1_23' title='bbox 1501 506 1602 552; x_wconf 89' lang='lat' dir='ltr'>super</span> 
     </span>
    </p>
   </div>
   <div class='ocr_carea' id='block_1_3' title="bbox 323 585 1606 633">
    <p class='ocr_par' dir='ltr' id='par_1_3' title="bbox 323 585 1606 633">
     <span class='ocr_line' id='line_1_4' title="bbox 323 585 1606 633; baseline 0.002 -15"><span class='ocrx_word' id='word_1_24' title='bbox 323 595 392 627; x_wconf 92' lang='lat' dir='ltr'>quo</span> <span class='ocrx_word' id='word_1_25' title='bbox 410 585 501 618; x_wconf 91' lang='lat' dir='ltr'>idem</span> <span class='ocrx_word' id='word_1_26' title='bbox 516 587 725 620; x_wconf 87' lang='lat' dir='ltr'>reverendus</span> <span class='ocrx_word' id='word_1_27' title='bbox 746 590 844 630; x_wconf 86' lang='lat' dir='ltr'>pater</span> <span class='ocrx_word' id='word_1_28' title='bbox 856 586 931 619; x_wconf 89' lang='lat' dir='ltr'>fieri</span> <span class='ocrx_word' id='word_1_29' title='bbox 945 586 1027 620; x_wconf 90' lang='lat' dir='ltr'>fecit</span> <span class='ocrx_word' id='word_1_30' title='bbox 1040 585 1229 631; x_wconf 73' lang='lat' dir='ltr'>process&#39;um</span> <span class='ocrx_word' id='word_1_31' title='bbox 1243 587 1281 621; x_wconf 90' lang='lat' dir='ltr'>in</span> <span class='ocrx_word' id='word_1_32' title='bbox 1293 586 1439 633; x_wconf 85' lang='lat' dir='ltr'>registro</span> <span class='ocrx_word' id='word_1_33' title='bbox 1450 585 1606 622; x_wconf 86' lang='lat' dir='ltr'>ecclefiae</span> 
     </span>
    </p>
   </div>
   <div class='ocr_carea' id='block_1_4' title="bbox 323 663 552 699">
    <p class='ocr_par' dir='ltr' id='par_1_4' title="bbox 323 663 552 699">
     <span class='ocr_line' id='line_1_5' title="bbox 323 663 552 699; baseline 0.009 -2"><span class='ocrx_word' id='word_1_34' title='bbox 323 663 552 699; x_wconf 85' lang='lat' dir='ltr'>observatum.</span> 
     </span>
    </p>
   </div>
   <div class='ocr_carea' id='block_1_5' title="bbox 321 827 1606 2091">
    <p class='ocr_par' dir='ltr' id='par_1_5' title="bbox 321 827 1606 2091">
     <span class='ocr_line' id='line_1_6' title="bbox 371 827 1604 873; baseline 0.002 -14"><span class='ocrx_word' id='word_1_35' title='bbox 371 827 405 859; x_wconf 93' lang='lat' dir='ltr'>N</span> <span class='ocrx_word' id='word_1_36' title='bbox 408 838 475 860; x_wconf 89' lang='lat' dir='ltr'>unc</span> <span class='ocrx_word' id='word_1_37' title='bbox 494 827 657 862; x_wconf 82' lang='lat' dir='ltr'>descendo</span> <span class='ocrx_word' id='word_1_38' title='bbox 675 829 719 862; x_wconf 88' lang='lat' dir='ltr'>ad</span> <span class='ocrx_word' id='word_1_39' title='bbox 736 828 958 862; x_wconf 86' lang='lat' dir='ltr'>fundationes</span> <span class='ocrx_word' id='word_1_40' title='bbox 976 840 1038 873; x_wconf 90' lang='lat' dir='ltr'>per</span> <span class='ocrx_word' id='word_1_41' title='bbox 1056 840 1135 863; x_wconf 91' lang='lat' dir='ltr'>eum</span> <span class='ocrx_word' id='word_1_42' title='bbox 1152 829 1260 863; x_wconf 87' lang='lat' dir='ltr'>factas</span> <span class='ocrx_word' id='word_1_43' title='bbox 1277 840 1285 870; x_wconf 93' lang='grc'><strong>;</strong></span> <span class='ocrx_word' id='word_1_44' title='bbox 1313 834 1348 863; x_wconf 84' lang='lat' dir='ltr'>et</span> <span class='ocrx_word' id='word_1_45' title='bbox 1364 830 1478 873; x_wconf 93' lang='lat' dir='ltr'>primo</span> <span class='ocrx_word' id='word_1_46' title='bbox 1496 830 1604 863; x_wconf 86' lang='lat' dir='ltr'>altare</span> 
     </span>
     <span class='ocr_line' id='line_1_7' title="bbox 322 907 1603 954; baseline 0.002 -13"><span class='ocrx_word' id='word_1_47' title='bbox 322 909 358 941; x_wconf 87' lang='lat' dir='ltr'>in</span> <span class='ocrx_word' id='word_1_48' title='bbox 371 907 432 942; x_wconf 86' lang='lat' dir='ltr'>sua</span> <span class='ocrx_word' id='word_1_49' title='bbox 444 907 591 949; x_wconf 84' lang='lat' dir='ltr'>ecclefia,</span> <span class='ocrx_word' id='word_1_50' title='bbox 605 914 640 943; x_wconf 86' lang='lat' dir='ltr'>et</span> <span class='ocrx_word' id='word_1_51' title='bbox 653 911 868 954; x_wconf 83' lang='lat' dir='ltr'>capellanum</span> <span class='ocrx_word' id='word_1_52' title='bbox 882 911 926 943; x_wconf 85' lang='lat' dir='ltr'>ad</span> <span class='ocrx_word' id='word_1_53' title='bbox 939 911 1025 943; x_wconf 89' lang='lat' dir='ltr'>illud</span> <span class='ocrx_word' id='word_1_54' title='bbox 1040 915 1258 954; x_wconf 86' lang='lat' dir='ltr'>perpetuum,</span> <span class='ocrx_word' id='word_1_55' title='bbox 1272 911 1309 943; x_wconf 89' lang='lat' dir='ltr'>in</span> <span class='ocrx_word' id='word_1_56' title='bbox 1322 910 1487 944; x_wconf 87' lang='lat' dir='ltr'>honorem</span> <span class='ocrx_word' id='word_1_57' title='bbox 1503 911 1603 944; x_wconf 89' lang='lat' dir='ltr'>divae</span> 
     </span>
     <span class='ocr_line' id='line_1_8' title="bbox 322 988 1604 1037; baseline 0.002 -15"><span class='ocrx_word' id='word_1_58' title='bbox 322 988 479 1034; x_wconf 81' lang='lat' dir='ltr'>Virginis</span> <span class='ocrx_word' id='word_1_59' title='bbox 498 990 632 1025; x_wconf 79' lang='lat' dir='ltr'>Mariae</span> <span class='ocrx_word' id='word_1_60' title='bbox 651 989 777 1034; x_wconf 79' lang='lat' dir='ltr'>(libera</span> <span class='ocrx_word' id='word_1_61' title='bbox 795 1001 857 1024; x_wconf 75' lang='lat' dir='ltr'>nos</span> <span class='ocrx_word' id='word_1_62' title='bbox 874 1002 897 1024; x_wconf 83' lang='grc' dir='ltr'><em>α</em></span> <span class='ocrx_word' id='word_1_63' title='bbox 912 989 1041 1037; x_wconf 75' lang='lat' dir='ltr'>poenis</span> <span class='ocrx_word' id='word_1_64' title='bbox 1058 989 1094 1024; x_wconf 81' lang='lat' dir='ltr'>in</span> <span class='ocrx_word' id='word_1_65' title='bbox 1114 989 1206 1037; x_wconf 76' lang='lat' dir='ltr'>erni)</span> <span class='ocrx_word' id='word_1_66' title='bbox 1232 992 1275 1025; x_wconf 89' lang='lat' dir='ltr'>ad</span> <span class='ocrx_word' id='word_1_67' title='bbox 1293 992 1451 1025; x_wconf 83' lang='lat' dir='ltr'>dextram</span> <span class='ocrx_word' id='word_1_68' title='bbox 1477 992 1604 1035; x_wconf 87' lang='lat' dir='ltr'>princi-</span> 
     </span>
     <span class='ocr_line' id='line_1_9' title="bbox 321 1071 1603 1118; baseline 0.001 -13"><span class='ocrx_word' id='word_1_69' title='bbox 321 1073 408 1115; x_wconf 89' lang='lat' dir='ltr'>palis</span> <span class='ocrx_word' id='word_1_70' title='bbox 434 1073 553 1106; x_wconf 84' lang='lat' dir='ltr'>altaris</span> <span class='ocrx_word' id='word_1_71' title='bbox 579 1073 681 1106; x_wconf 90' lang='lat' dir='ltr'>divae</span> <span class='ocrx_word' id='word_1_72' title='bbox 698 1072 855 1118; x_wconf 85' lang='lat' dir='ltr'>Virginis</span> <span class='ocrx_word' id='word_1_73' title='bbox 881 1073 918 1106; x_wconf 89' lang='lat' dir='ltr'>in</span> <span class='ocrx_word' id='word_1_74' title='bbox 944 1074 1063 1107; x_wconf 87' lang='lat' dir='ltr'>eadem</span> <span class='ocrx_word' id='word_1_75' title='bbox 1085 1071 1231 1107; x_wconf 88' lang='lat' dir='ltr'>ecclesia.</span> <span class='ocrx_word' id='word_1_76' title='bbox 1281 1073 1332 1107; x_wconf 89' lang='lat' dir='ltr'>Et</span> <span class='ocrx_word' id='word_1_77' title='bbox 1357 1074 1441 1117; x_wconf 89' lang='lat' dir='ltr'>quia</span> <span class='ocrx_word' id='word_1_78' title='bbox 1457 1074 1494 1107; x_wconf 93' lang='lat' dir='ltr'>in</span> <span class='ocrx_word' id='word_1_79' title='bbox 1512 1085 1603 1107; x_wconf 88' lang='lat' dir='ltr'>anno</span> 
     </span>
     <span class='ocr_line' id='line_1_10' title="bbox 322 1151 1605 1199; baseline 0.001 -13"><span class='ocrx_word' id='word_1_80' title='bbox 322 1154 455 1186; x_wconf 90' lang='lat' dir='ltr'>domini</span> <span class='ocrx_word' id='word_1_81' title='bbox 483 1151 663 1187; x_wconf 80' lang='lat' dir='ltr'>millesimo</span> <span class='ocrx_word' id='word_1_82' title='bbox 694 1152 981 1199; x_wconf 75' lang='lat' dir='ltr'>quingentesimo,</span> <span class='ocrx_word' id='word_1_83' title='bbox 1010 1152 1201 1188; x_wconf 87' lang='lat' dir='ltr'>saeviffima</span> <span class='ocrx_word' id='word_1_84' title='bbox 1227 1155 1388 1199; x_wconf 86' lang='lat' dir='ltr'>regnavit</span> <span class='ocrx_word' id='word_1_85' title='bbox 1414 1152 1518 1198; x_wconf 90' lang='lat' dir='ltr'>pestis</span> <span class='ocrx_word' id='word_1_86' title='bbox 1544 1165 1605 1198; x_wconf 89' lang='lat' dir='ltr'>per</span> 
     </span>
     <span class='ocr_line' id='line_1_11' title="bbox 323 1233 1606 1279; baseline 0.001 -12"><span class='ocrx_word' id='word_1_87' title='bbox 323 1239 436 1267; x_wconf 90' lang='lat' dir='ltr'>totum</span> <span class='ocrx_word' id='word_1_88' title='bbox 453 1246 600 1279; x_wconf 82' lang='lat' dir='ltr'>regnum</span> <span class='ocrx_word' id='word_1_89' title='bbox 620 1234 764 1274; x_wconf 88' lang='lat' dir='ltr'>Scotiae,</span> <span class='ocrx_word' id='word_1_90' title='bbox 782 1239 827 1274; x_wconf 92' lang='lat' dir='ltr'>et,</span> <span class='ocrx_word' id='word_1_91' title='bbox 845 1240 885 1268; x_wconf 89' lang='lat' dir='ltr'>ut</span> <span class='ocrx_word' id='word_1_92' title='bbox 903 1235 997 1268; x_wconf 86' lang='lat' dir='ltr'>fama</span> <span class='ocrx_word' id='word_1_93' title='bbox 1015 1235 1138 1274; x_wconf 87' lang='lat' dir='ltr'>fertur,</span> <span class='ocrx_word' id='word_1_94' title='bbox 1152 1235 1274 1268; x_wconf 90' lang='lat' dir='ltr'>civitas</span> <span class='ocrx_word' id='word_1_95' title='bbox 1292 1233 1547 1268; x_wconf 88' lang='lat' dir='ltr'>Dunkeldenfis</span> <span class='ocrx_word' id='word_1_96' title='bbox 1564 1236 1606 1269; x_wconf 90' lang='lat' dir='ltr'>il-</span> 
     </span>
     <span class='ocr_line' id='line_1_12' title="bbox 322 1314 1606 1360; baseline 0.001 -12"><span class='ocrx_word' id='word_1_97' title='bbox 322 1315 421 1354; x_wconf 86' lang='lat' dir='ltr'>laesa,</span> <span class='ocrx_word' id='word_1_98' title='bbox 436 1316 568 1348; x_wconf 85' lang='lat' dir='ltr'>meritis</span> <span class='ocrx_word' id='word_1_99' title='bbox 583 1315 655 1348; x_wconf 91' lang='lat' dir='ltr'>divi</span> <span class='ocrx_word' id='word_1_100' title='bbox 673 1316 812 1359; x_wconf 90' lang='lat' dir='ltr'>patroni</span> <span class='ocrx_word' id='word_1_101' title='bbox 828 1315 1029 1354; x_wconf 84' lang='lat' dir='ltr'>Columbae,</span> <span class='ocrx_word' id='word_1_102' title='bbox 1040 1327 1061 1349; x_wconf 90' lang='lat' dir='ltr'>a</span> <span class='ocrx_word' id='word_1_103' title='bbox 1074 1315 1278 1360; x_wconf 86' lang='lat' dir='ltr'>contagione</span> <span class='ocrx_word' id='word_1_104' title='bbox 1295 1314 1458 1359; x_wconf 87' lang='lat' dir='ltr'>pestifera</span> <span class='ocrx_word' id='word_1_105' title='bbox 1473 1315 1606 1360; x_wconf 85' lang='lat' dir='ltr'>semper</span> 
     </span>
     <span class='ocr_line' id='line_1_13' title="bbox 321 1395 1603 1442; baseline 0.001 -12"><span class='ocrx_word' id='word_1_106' title='bbox 321 1395 533 1441; x_wconf 78' lang='lat' dir='ltr'>permanfit3</span> <span class='ocrx_word' id='word_1_107' title='bbox 560 1397 636 1430; x_wconf 90' lang='lat' dir='ltr'>ideo</span> <span class='ocrx_word' id='word_1_108' title='bbox 654 1397 691 1430; x_wconf 91' lang='lat' dir='ltr'>in</span> <span class='ocrx_word' id='word_1_109' title='bbox 716 1397 883 1430; x_wconf 86' lang='lat' dir='ltr'>honorem</span> <span class='ocrx_word' id='word_1_110' title='bbox 900 1395 1063 1442; x_wconf 75' lang='lat' dir='ltr'>ejusdem,</span> <span class='ocrx_word' id='word_1_111' title='bbox 1089 1407 1152 1441; x_wconf 85' lang='lat' dir='ltr'>per</span> <span class='ocrx_word' id='word_1_112' title='bbox 1176 1408 1308 1430; x_wconf 87' lang='lat' dir='ltr'>annum</span> <span class='ocrx_word' id='word_1_113' title='bbox 1327 1397 1517 1442; x_wconf 86' lang='lat' dir='ltr'>integrum,</span> <span class='ocrx_word' id='word_1_114' title='bbox 1534 1396 1603 1431; x_wconf 85' lang='lat' dir='ltr'>suis</span> 
     </span>
     <span class='ocr_line' id='line_1_14' title="bbox 322 1475 1603 1523; baseline 0 -11"><span class='ocrx_word' id='word_1_115' title='bbox 322 1476 477 1522; x_wconf 77' lang='lat' dir='ltr'>expensis</span> <span class='ocrx_word' id='word_1_116' title='bbox 505 1478 637 1511; x_wconf 83' lang='lat' dir='ltr'>cantari</span> <span class='ocrx_word' id='word_1_117' title='bbox 665 1477 746 1511; x_wconf 82' lang='lat' dir='ltr'>fecit</span> <span class='ocrx_word' id='word_1_118' title='bbox 775 1475 907 1511; x_wconf 79' lang='lat' dir='ltr'>missam</span> <span class='ocrx_word' id='word_1_119' title='bbox 934 1489 1012 1511; x_wconf 90' lang='lat' dir='ltr'>cum</span> <span class='ocrx_word' id='word_1_120' title='bbox 1038 1482 1131 1518; x_wconf 84' lang='lat' dir='ltr'>nota,</span> <span class='ocrx_word' id='word_1_121' title='bbox 1155 1478 1199 1511; x_wconf 88' lang='lat' dir='ltr'>ad</span> <span class='ocrx_word' id='word_1_122' title='bbox 1224 1478 1338 1523; x_wconf 85' lang='lat' dir='ltr'>majus</span> <span class='ocrx_word' id='word_1_123' title='bbox 1363 1479 1483 1518; x_wconf 84' lang='lat' dir='ltr'>altare,</span> <span class='ocrx_word' id='word_1_124' title='bbox 1508 1479 1603 1512; x_wconf 88' lang='lat' dir='ltr'>omni</span> 
     </span>
     <span class='ocr_line' id='line_1_15' title="bbox 322 1557 1600 1603; baseline 0 -10"><span class='ocrx_word' id='word_1_125' title='bbox 322 1561 376 1593; x_wconf 89' lang='lat' dir='ltr'>die</span> <span class='ocrx_word' id='word_1_126' title='bbox 403 1560 439 1592; x_wconf 91' lang='lat' dir='ltr'>in</span> <span class='ocrx_word' id='word_1_127' title='bbox 464 1558 610 1592; x_wconf 86' lang='lat' dir='ltr'>secundo</span> <span class='ocrx_word' id='word_1_128' title='bbox 636 1557 737 1602; x_wconf 86' lang='lat' dir='ltr'>pulsu</span> <span class='ocrx_word' id='word_1_129' title='bbox 763 1559 806 1592; x_wconf 85' lang='lat' dir='ltr'>ad</span> <span class='ocrx_word' id='word_1_130' title='bbox 831 1559 1049 1599; x_wconf 77' lang='lat' dir='ltr'>matutinas3</span> <span class='ocrx_word' id='word_1_131' title='bbox 1075 1563 1112 1593; x_wconf 89' lang='lat' dir='ltr'>et</span> <span class='ocrx_word' id='word_1_132' title='bbox 1136 1570 1228 1592; x_wconf 88' lang='lat' dir='ltr'>anno</span> <span class='ocrx_word' id='word_1_133' title='bbox 1253 1559 1351 1592; x_wconf 89' lang='lat' dir='ltr'>finito</span> <span class='ocrx_word' id='word_1_134' title='bbox 1369 1559 1452 1603; x_wconf 86' lang='lat' dir='ltr'>quia</span> <span class='ocrx_word' id='word_1_135' title='bbox 1477 1560 1600 1594; x_wconf 84' lang='lat' dir='ltr'>civitas</span> 
     </span>
     <span class='ocr_line' id='line_1_16' title="bbox 322 1638 1603 1684; baseline 0.001 -11"><span class='ocrx_word' id='word_1_136' title='bbox 322 1646 356 1674; x_wconf 89' lang='lat' dir='ltr'>et</span> <span class='ocrx_word' id='word_1_137' title='bbox 382 1641 536 1673; x_wconf 86' lang='lat' dir='ltr'>maxima</span> <span class='ocrx_word' id='word_1_138' title='bbox 561 1640 836 1684; x_wconf 86' lang='lat' dir='ltr'>circumjacentis</span> <span class='ocrx_word' id='word_1_139' title='bbox 861 1640 995 1683; x_wconf 86' lang='lat' dir='ltr'>patriae</span> <span class='ocrx_word' id='word_1_140' title='bbox 1020 1651 1112 1683; x_wconf 88' lang='lat' dir='ltr'>pars,</span> <span class='ocrx_word' id='word_1_141' title='bbox 1133 1651 1153 1673; x_wconf 85' lang='lat' dir='ltr'>a</span> <span class='ocrx_word' id='word_1_142' title='bbox 1178 1638 1270 1684; x_wconf 88' lang='lat' dir='ltr'>peste</span> <span class='ocrx_word' id='word_1_143' title='bbox 1288 1641 1420 1673; x_wconf 88' lang='lat' dir='ltr'>intacta</span> <span class='ocrx_word' id='word_1_144' title='bbox 1444 1651 1603 1684; x_wconf 88' lang='lat' dir='ltr'>perman-</span> 
     </span>
     <span class='ocr_line' id='line_1_17' title="bbox 323 1719 1601 1765; baseline -0.001 -9"><span class='ocrx_word' id='word_1_145' title='bbox 323 1721 374 1762; x_wconf 85' lang='lat' dir='ltr'>fit,</span> <span class='ocrx_word' id='word_1_146' title='bbox 401 1723 478 1755; x_wconf 90' lang='lat' dir='ltr'>ideo</span> <span class='ocrx_word' id='word_1_147' title='bbox 501 1719 634 1754; x_wconf 72' lang='lat' dir='ltr'>missam</span> <span class='ocrx_word' id='word_1_148' title='bbox 658 1720 765 1765; x_wconf 86' lang='lat' dir='ltr'>ipsam</span> <span class='ocrx_word' id='word_1_149' title='bbox 783 1721 938 1765; x_wconf 88' lang='lat' dir='ltr'>quotidie</span> <span class='ocrx_word' id='word_1_150' title='bbox 956 1721 1148 1761; x_wconf 87' lang='lat' dir='ltr'>dicendam,</span> <span class='ocrx_word' id='word_1_151' title='bbox 1170 1721 1260 1754; x_wconf 85' lang='lat' dir='ltr'>datis</span> <span class='ocrx_word' id='word_1_152' title='bbox 1282 1721 1325 1754; x_wconf 86' lang='lat' dir='ltr'>ad</span> <span class='ocrx_word' id='word_1_153' title='bbox 1351 1721 1417 1754; x_wconf 89' lang='lat' dir='ltr'>hoc</span> <span class='ocrx_word' id='word_1_154' title='bbox 1434 1726 1601 1765; x_wconf 85' lang='lat' dir='ltr'>quatuor-</span> 
     </span>
     <span class='ocr_line' id='line_1_18' title="bbox 322 1800 1602 1846; baseline -0.002 -8"><span class='ocrx_word' id='word_1_155' title='bbox 322 1805 438 1838; x_wconf 90' lang='lat' dir='ltr'>decem</span> <span class='ocrx_word' id='word_1_156' title='bbox 472 1803 572 1836; x_wconf 90' lang='lat' dir='ltr'>libris</span> <span class='ocrx_word' id='word_1_157' title='bbox 610 1803 719 1836; x_wconf 88' lang='lat' dir='ltr'>annui</span> <span class='ocrx_word' id='word_1_158' title='bbox 757 1801 875 1835; x_wconf 88' lang='lat' dir='ltr'>census</span> <span class='ocrx_word' id='word_1_159' title='bbox 913 1802 1136 1846; x_wconf 86' lang='lat' dir='ltr'>praediorum</span> <span class='ocrx_word' id='word_1_160' title='bbox 1169 1800 1389 1841; x_wconf 87' lang='lat' dir='ltr'>rusticorum,</span> <span class='ocrx_word' id='word_1_161' title='bbox 1423 1802 1602 1836; x_wconf 86' lang='lat' dir='ltr'>fundando</span> 
     </span>
     <span class='ocr_line' id='line_1_19' title="bbox 323 1881 1601 1930; baseline -0.002 -11"><span class='ocrx_word' id='word_1_162' title='bbox 323 1886 553 1930; x_wconf 86' lang='lat' dir='ltr'>perpetuavit.</span> <span class='ocrx_word' id='word_1_163' title='bbox 613 1883 667 1917; x_wconf 88' lang='lat' dir='ltr'>Ac</span> <span class='ocrx_word' id='word_1_164' title='bbox 697 1889 737 1917; x_wconf 87' lang='lat' dir='ltr'>ut</span> <span class='ocrx_word' id='word_1_165' title='bbox 767 1884 977 1917; x_wconf 87' lang='lat' dir='ltr'>celebrantes</span> <span class='ocrx_word' id='word_1_166' title='bbox 1007 1884 1151 1917; x_wconf 90' lang='lat' dir='ltr'>eandem</span> <span class='ocrx_word' id='word_1_167' title='bbox 1177 1881 1310 1916; x_wconf 79' lang='lat' dir='ltr'>missam</span> <span class='ocrx_word' id='word_1_168' title='bbox 1340 1882 1513 1917; x_wconf 84' lang='lat' dir='ltr'>ecclesiam</span> <span class='ocrx_word' id='word_1_169' title='bbox 1544 1885 1601 1917; x_wconf 90' lang='lat' dir='ltr'>de-</span> 
     </span>
     <span class='ocr_line' id='line_1_20' title="bbox 322 1964 1601 2010; baseline -0.003 -8"><span class='ocrx_word' id='word_1_170' title='bbox 322 1972 490 2007; x_wconf 82' lang='lat' dir='ltr'>corarent,</span> <span class='ocrx_word' id='word_1_171' title='bbox 513 1967 673 2010; x_wconf 89' lang='lat' dir='ltr'>tedioque</span> <span class='ocrx_word' id='word_1_172' title='bbox 698 1977 761 1999; x_wconf 90' lang='lat' dir='ltr'>nec</span> <span class='ocrx_word' id='word_1_173' title='bbox 786 1965 1015 2005; x_wconf 88' lang='lat' dir='ltr'>afficerentur,</span> <span class='ocrx_word' id='word_1_174' title='bbox 1042 1964 1171 2009; x_wconf 90' lang='lat' dir='ltr'>septem</span> <span class='ocrx_word' id='word_1_175' title='bbox 1193 1966 1298 2010; x_wconf 86' lang='lat' dir='ltr'>elegit</span> <span class='ocrx_word' id='word_1_176' title='bbox 1323 1965 1419 1999; x_wconf 89' lang='lat' dir='ltr'>chori</span> <span class='ocrx_word' id='word_1_177' title='bbox 1444 1966 1601 2004; x_wconf 87' lang='lat' dir='ltr'>vicarios,</span> 
     </span>
     <span class='ocr_line' id='line_1_21' title="bbox 322 2043 1601 2091; baseline -0.002 -9"><span class='ocrx_word' id='word_1_178' title='bbox 322 2050 438 2083; x_wconf 89' lang='lat' dir='ltr'>decem</span> <span class='ocrx_word' id='word_1_179' title='bbox 462 2049 631 2082; x_wconf 82' lang='lat' dir='ltr'>librarum</span> <span class='ocrx_word' id='word_1_180' title='bbox 652 2046 822 2091; x_wconf 90' lang='lat' dir='ltr'>stipendio</span> <span class='ocrx_word' id='word_1_181' title='bbox 848 2047 1045 2086; x_wconf 82' lang='lat' dir='ltr'>conductos,</span> <span class='ocrx_word' id='word_1_182' title='bbox 1073 2047 1118 2080; x_wconf 88' lang='lat' dir='ltr'>ad</span> <span class='ocrx_word' id='word_1_183' title='bbox 1143 2045 1271 2090; x_wconf 90' lang='lat' dir='ltr'>septem</span> <span class='ocrx_word' id='word_1_184' title='bbox 1297 2043 1452 2080; x_wconf 79' lang='lat' dir='ltr'>ecclesiae</span> <span class='ocrx_word' id='word_1_185' title='bbox 1478 2047 1601 2080; x_wconf 85' lang='lat' dir='ltr'>altaria</span> 
     </span>
    </p>
   </div>
   <div class='ocr_carea' id='block_1_6' title="bbox 324 2126 1601 2172">
    <p class='ocr_par' dir='ltr' id='par_1_6' title="bbox 324 2126 1601 2172">
     <span class='ocr_line' id='line_1_22' title="bbox 324 2126 1601 2172; baseline -0.002 -8"><span class='ocrx_word' id='word_1_186' title='bbox 324 2131 477 2164; x_wconf 88' lang='lat' dir='ltr'>nondum</span> <span class='ocrx_word' id='word_1_187' title='bbox 496 2130 653 2169; x_wconf 88' lang='lat' dir='ltr'>fundata,</span> <span class='ocrx_word' id='word_1_188' title='bbox 671 2129 739 2163; x_wconf 84' lang='lat' dir='ltr'>viz.</span> <span class='ocrx_word' id='word_1_189' title='bbox 757 2129 920 2163; x_wconf 90' lang='lat' dir='ltr'>divorum</span> <span class='ocrx_word' id='word_1_190' title='bbox 945 2128 1103 2168; x_wconf 87' lang='lat' dir='ltr'>Martini,</span> <span class='ocrx_word' id='word_1_191' title='bbox 1121 2127 1295 2168; x_wconf 88' lang='lat' dir='ltr'>Nicholai,</span> <span class='ocrx_word' id='word_1_192' title='bbox 1313 2126 1475 2161; x_wconf 87' lang='lat' dir='ltr'>Andreae</span> <span class='ocrx_word' id='word_1_193' title='bbox 1493 2127 1601 2172; x_wconf 86' lang='lat' dir='ltr'>Apos-</span> 
     </span>
    </p>
   </div>
  </div>
 </body>
</html>
