1837 2698
647 286 808 317 PONTIS
830 284 1187 316 DUNKELDENSIS.
1488 290 1550 319 141

269 393 405 439 ι[Ινιιίῖζιβ
429 395 543 438 precio
570 396 682 428 oneris
709 395 832 428 obulus
858 395 1038 428 extenden.
1057 396 1092 427 in
1121 395 1266 438 pecunia
1283 394 1325 426 ad
1345 394 1404 437 xiij
1426 397 1449 425 ὲ.
1470 394 1504 425 ix
1522 392 1553 425 d.

282 476 331 509 Et
348 476 515 508 allocatur
532 476 642 508 eidem
656 476 692 508 in
710 476 920 518 empcionem
935 474 990 508 sex
1004 475 1213 508 tribulorum
1227 475 1312 519 ligni
1325 485 1387 517 pro
1401 476 1553 516 querella

280 557 394 599 precio
405 557 452 599 xij
466 553 498 588 d.
525 555 573 588 Et
591 557 758 589 allocatur
776 556 986 598 compotanti
1004 566 1066 598 per
1083 555 1323 588 liberaciouem
1342 555 1467 587 factam
1483 566 1554 587 cer-

280 637 324 669 tis
348 636 567 681 garcionibus
594 634 869 669 construentibus
895 633 1012 669 fossam
1038 636 1145 668 uarde
1168 636 1377 668 verudorum
1404 636 1440 667 in
1467 635 1552 667 Litil

279 717 443 749 Dunkeld
461 717 497 760 iij
518 717 552 749 li.
604 716 652 749 Et
678 717 713 748 in
740 716 952 759 empcionem
979 716 1131 759 quinque
1159 726 1350 760 vangarum
1372 727 1395 747 x
1419 714 1450 747 d.
1503 715 1551 748 Et

279 798 446 830 allocatur
462 797 571 830 eidem
590 798 626 829 in
645 797 857 839 empeionem
876 797 982 829 trium
1002 797 1164 829 ulnarum
1190 796 1295 838 panni
1320 797 1400 828 linei
1426 807 1488 839 pro
1506 794 1551 828 lie

280 875 519 920 u-yndfflgseleet
543 877 718 920 quondam
746 877 890 909 Roberti
918 876 1123 920 Cawquhyn
1144 877 1203 920 xxj
1223 875 1255 909 d.
1308 876 1356 909 Et
1384 858 1549 910 allocassur

278 957 386 990 eidem
406 958 442 989 in
460 956 599 989 feodum
617 957 847 999 compotantis
865 953 1077 988 confiderato
1100 956 1174 1000 ejus
1193 956 1308 989 labore
1330 957 1364 988 in
1389 958 1548 1000 pecunia-

276 1049 353 1070 rum
372 1038 565 1080 receptione
583 1042 615 1069 et
635 1047 822 1079 parvarum
842 1034 1054 1068 summarum
1072 1034 1315 1070 distribucione
1333 1048 1394 1080 per
1411 1043 1546 1080 tempus

277 1118 425 1160 compoti
443 1114 506 1149 xx‘J'
522 1117 555 1148 li.

373 1198 516 1229 Summa
529 1197 683 1229 omnium
703 1196 927 1239 expensarum
943 1197 979 1240 ijc
998 1197 1064 1240 iij⁸¹
1081 1197 1142 1229 xix
1161 1197 1194 1230 li.
1213 1198 1297 1241 xviij
1318 1200 1342 1229 ἓ.
1361 1198 1395 1241 vj
1414 1196 1446 1231 d.

373 1276 421 1309 Et
440 1275 483 1309 fic
500 1275 756 1319 superexposuit
775 1282 974 1320 compotans
996 1278 1007 1308 l
1025 1280 1049 1309 Ξ.
1064 1278 1078 1320 j
1098 1275 1130 1309 d.
