1837 2698
262 295 331 328 138
536 288 795 322 COMPOTUM
816 287 1037 319 MAGISTRI
1058 286 1251 318 FABRICE

266 404 370 443 prout
386 400 423 432 in
441 399 627 432 earundem
646 398 813 441 compotis
831 398 1028 430 immediate
1045 397 1219 440 preteritis
1236 402 1377 430 cavetur
1426 395 1477 430 Et
1490 398 1539 430 al-

266 482 400 514 locatur
420 480 529 512 eidem
557 490 617 522 pei
639 478 881 511 liberacionem
898 477 1023 511 factam
1043 476 1066 509 J
1068 477 1196 510 ohanni
1215 477 1370 521 Merl3on
1392 477 1538 511 lathimo

268 572 328 631 per
345 564 481 602 tempus
500 559 649 602 compoti
667 558 815 601 capienti
834 558 957 601 prout'
949 569 984 590 m
1002 558 1116 601 priore
1134 561 1292 600 compoto
1311 558 1539 600 compotantis

269 730 346 752 cum
364 718 423 751 suo
443 718 539 751 servo
561 717 682 751 Powte
705 718 748 751 ab
770 722 891 751 octavo
915 717 969 750 die
992 714 1115 749 mensis
1138 716 1298 749 Octobris
1321 727 1412 748 anno
1430 720 1487 749 '²tc
1507 718 1540 748 ve

268 800 522 842 decimoquinto
541 799 575 831 in
594 799 740 831 eundem
758 798 848 831 diem
874 809 966 831 anno
984 799 1141 830 revoluto
1159 797 1307 840 capienti
1333 808 1394 840 per
1411 808 1540 830 annum

270 882 306 913 in
323 879 381 913 sue
398 880 563 913 mercedis
582 879 734 912 laborem
752 884 785 912 et
802 877 891 911 servi
905 877 955 911 sui
975 878 1095 911 Powte
1108 878 1168 921 qui
1186 874 1317 910 receffit
1335 877 1378 910 ab
1392 888 1492 920 opere
1506 878 1541 910 in

270 959 354 994 festo
373 960 489 992 Sancti
507 959 529 992 J
532 959 677 992 ohannis
692 956 848 1002 Baptiste
865 959 1060 991 nativitatis
1078 958 1357 1002 vigintiquatuor
1374 958 1431 991 lib.
1451 958 1487 1002 xj
1507 958 1541 990 li.

271 1040 308 1083 iij
333 1042 357 1071 3.
380 1018 430 1082 iiij
450 1037 483 1071 d.
534 1037 583 1070 Et
605 1038 715 1071 eidem
736 1037 890 1070 Johanni
912 1037 949 1069 in
971 1037 1164 1080 inceptione
1186 1037 1269 1069 novi
1290 1036 1380 1069 feodi
1404 1035 1455 1069 sui
1483 1047 1543 1069 an-

270 1120 331 1151 nui
348 1097 398 1161 isi}
418 1119 453 1150 li.
470 1129 492 1150 x
511 1119 534 1149 ἔ.
586 1116 635 1149 Et
657 1117 823 1149 allocatur
848 1117 957 1149 eidem
984 1127 1045 1159 per
1070 1116 1310 1148 liberacionem
1330 1115 1456 1148 factam
1483 1115 1543 1148 Ja-

270 1198 354 1231 eobo
371 1196 509 1241 Aysone
527 1201 560 1230 et
573 1196 596 1228 J
599 1197 725 1229 ohanni
740 1196 886 1239 Diykeis
904 1194 950 1229 lie
961 1194 1120 1241 prenteis
1137 1207 1156 1228 a
1169 1194 1255 1229 festo
1269 1195 1385 1228 Sancti
1401 1196 1544 1229 Mertini

271 1280 306 1311 in
325 1289 415 1311 anno
427 1283 484 1311 *tc0
499 1279 532 1310 v⁰
546 1278 800 1320 decimoquinto
818 1278 854 1310 in
872 1277 1019 1309 eundem
1031 1277 1121 1309 diem
1136 1287 1226 1309 anno
1240 1277 1396 1309 revoluto
1410 1276 1544 1320 capien-

274 1360 300 1392 ti
324 1370 384 1402 per
408 1369 537 1391 annum
555 1358 710 1402 quolibet
727 1358 982 1402 quinquaginta
998 1356 1121 1390 solidos
1139 1361 1173 1389 et
1190 1357 1344 1390 modium
1362 1356 1491 1390 farrine
1508 1356 1543 1389 in

273 1438 461 1481 septimana
478 1417 527 1482 iiij
544 1438 579 1470 li.
595 1437 655 1481 viij
675 1438 699 1469 ἔ.
751 1436 801 1470 Et
819 1438 987 1469 allocatur
1004 1436 1114 1469 eidem
1137 1447 1198 1479 per
1216 1435 1455 1468 liberacionem
1474 1435 1544 1468 fac-

273 1524 345 1551 tam
366 1518 494 1551 Jacobo
522 1518 654 1550 Lokert
682 1518 827 1560 lapicide
858 1518 894 1550 in
927 1517 1117 1549 mercedem
1144 1516 1272 1549 laboris
1298 1514 1348 1548 sui
1376 1516 1544 1549 conducto

275 1599 357 1642 xxvj
379 1598 499 1642 Mercij
521 1609 611 1630 anno
626 1603 683 1630 *tc*
700 1599 731 1628 vc
745 1608 792 1629 xv
805 1598 841 1629 in
859 1597 1004 1629 eundem
1017 1597 1107 1629 diem
1125 1607 1216 1629 anno
1229 1597 1386 1628 revoluto
1398 1596 1544 1638 capienti

277 1680 311 1712 in
334 1689 424 1711 anno
447 1678 635 1711 octodecim
657 1677 763 1710 libras
781 1677 853 1721 xvij
873 1677 908 1709 li.
926 1687 949 1708 x
968 1679 992 1709 3.
1042 1675 1092 1709 Et
1118 1676 1226 1709 eidem
1245 1677 1282 1708 in
1299 1674 1344 1708 lie
1361 1674 1487 1719 hautay
1504 1686 1545 1708 ex

277 1760 440 1792 mandato
457 1762 677 1791 executorum
696 1755 759 1790 xxtj
782 1760 807 1789 3.
850 1756 897 1790 Et
916 1758 1082 1789 allocatur
1100 1757 1208 1789 eidem
1228 1767 1288 1799 per
1305 1756 1544 1790 liberacionem

276 1840 402 1872 factam
421 1843 497 1872 octo
514 1838 681 1882 operariis
705 1849 724 1870 a
747 1835 1054 1882 vigefinioseptimo
1071 1837 1126 1869 die
1147 1833 1270 1869 mensis
1287 1835 1445 1880 Januarij
1465 1837 1546 1870 anni

280 1920 333 1951 ἵης
352 1920 385 1950 v⁰
402 1916 465 1951 xvtj
484 1919 520 1951 in
538 1919 628 1951 diem
647 1918 950 1951 decimumnonum
969 1916 1129 1950 Octobris
1147 1913 1315 1949 exclusive
1337 1917 1419 1949 anni
1439 1921 1495 1949 2tc³
1513 1918 1547 1949 ν’

277 1998 485 2032 decimisexti
504 1997 727 2032 existentibus
746 1998 781 2030 in
803 1998 956 2041 querella
977 1998 1125 2040 capienti
1151 1997 1304 2041 quolibet
1329 2007 1391 2040 per
1415 2007 1543 2029 annum

278 2079 369 2111 ultra
398 2080 549 2112 modium
581 2079 710 2111 farrine
738 2079 772 2111 in
808 2077 998 2121 septimana
1027 2078 1259 2122 quadraginta
1286 2075 1408 2110 solidos
1434 2077 1482 2121 xij
1510 2078 1544 2110 li.
