1837 2698
475 310 614 344 VITAE
638 314 968 349 EPISCOPORUM
989 318 1401 355 DUNKELDENSIUM.
1533 333 1577 362 95

294 418 409 453 David
428 420 615 463 Meldrum,
642 427 806 460 canonico
830 433 865 461 et
885 428 1019 462 officiali
1039 429 1287 472 Dunkeldenfi‚
1305 433 1517 477 prebendato
1535 439 1576 470 (le

292 498 444 545 Cragyn,
461 507 495 536 et
515 503 684 549 Magistro
702 506 819 540 David
838 508 968 542 Colden
987 509 1143 545 ecclesiae
1160 511 1368 553 succentore,
1387 516 1479 549 dicto
1499 517 1575 550 Ma-

290 579 398 623 gistro
433 582 564 617 Jacobo
600 586 728 619 decano
766 588 807 620 de
844 588 1040 633 episcopatu
1077 590 1126 624 est
1163 578 1352 636 provi—sum,
1392 596 1573 631 reservatis

290 660 447 697 Thomae
465 664 621 709 episcopo
645 668 816 712 dignitate
839 669 1020 714 episcopali
1042 674 1173 715 pariter
1194 685 1271 707 cum
1295 675 1466 710 fructibus
1489 679 1574 722 epis-

287 749 429 786 copatus
448 745 702 782 Dunkeldenfis
720 760 763 782 ex
781 755 879 793 parte
897 750 1038 785 australi
1057 764 1167 797 aquae
1185 756 1226 788 de
1245 756 1366 790 Forth.
1419 758 1570 793 Demum

287 825 409 866 plenus
427 827 561 860 dierum
577 834 611 861 et
625 829 723 862 bonis
735 831 908 873 operibus,
923 843 1011 875 quae
1024 833 1088 867 hoc
1099 835 1214 869 libello
1226 843 1368 881 propter
1379 841 1567 885 legentium

288 907 441 939 taedium
460 909 683 949 omittuntur,
695 910 781 944 obiit
794 913 999 947 venerabilis
1014 913 1076 948 iste
1089 917 1248 959 pontifex
1263 917 1429 959 Thomas,
1443 928 1568 964 quarto

285 987 339 1018 die
363 986 485 1022 mensls
510 989 731 1031 Novembris,
756 1004 847 1027 anno
869 995 1000 1029 domini
1028 995 1208 1032 missefimo
1228 1001 1568 1046 quadringentesimo
1594 1011 1772 1039 A.D.l⁴s¹-

285 1067 515 1114 octuagesimo
532 1072 657 1114 primo,
676 1073 775 1117 cujus
794 1072 843 1107 est
860 1075 924 1108 hoc
942 1077 1234 1121 epithaphium——

414 1154 434 1168 ‘⁵
455 1149 643 1196 Grewstne
660 1153 824 1199 moestitia
845 1154 977 1201 Clu-fio
987 1156 1184 1203 piafimde
1193 1167 1346 1206 precata

461 1232 538 1266 Pro
548 1235 690 1279 pqfiore
712 1235 847 1271 Thomu
865 1237 1019 1273 Lawdir
1035 1241 1190 1283 aureola,

415 1312 529 1354 Quem
548 1313 716 1350 Sanctum
735 1317 882 1353 IVeuma
900 1319 1016 1362 ducat,
1027 1321 1115 1368 pius
1132 1328 1237 1370 atque
1258 1324 1435 1368 Columba,

462 1395 530 1429 Ad
544 1397 630 1432 coeli
632 1398 822 1441 stammam,
847 1400 961 1448 Virgo
978 1402 1119 1444 Maria,
1138 1404 1310 1447 thronum,

416 1475 455 1508 V
453 1475 572 1511 ist-erat.
585 1478 747 1523 hac-fide
757 1481 1095 1530 222·c1qficlficlg-e72‹lo
1112 1484 1244 1527 decore,

460 1558 582 1593 Annis
599 1559 764 1602 terdenis,
782 1561 918 1596 (cetibus
935 1563 1137 1600 innumeris.

411 1638 461 1673 M
463 1639 587 1683 semel,
606 1641 643 1676 L
647 1642 770 1686 semel,
790 1643 840 1678 X
853 1649 917 1685 ter,
936 1657 978 1679 ac
998 1657 1075 1686 meo,
1098 1646 1131 1681 C
1144 1653 1282 1694 quater,
1300 1653 1415 1693 (mnis,

460 1721 600 1764 Quarto
618 1735 699 1759 vero
717 1723 775 1759 die
792 1737 868 1759 men
884 1739 913 1760 IS
932 1727 1184 1774 [Novembris]
1205 1730 1315 1766 obiit.”

281 1801 336 1834 Sic
353 1813 431 1836 cum
449 1803 579 1839 sediffet
597 1807 697 1840 annis
715 1808 841 1852 viginti
861 1808 927 1849 sex,
946 1811 1020 1845 loco
1037 1810 1140 1852 ceffit,
1158 1818 1192 1846 et
1210 1816 1240 1848 ei
1258 1814 1409 1851 succeffit

325 1965 348 1997 J
350 1965 544 2000 ACOBUS
562 1968 870 2011 LEVINGTON‚
882 1972 1137 2009 Dunkeldenfis
1149 1976 1305 2012 ecclefiae
1317 1981 1477 2022 decanus,
1488 1995 1559 2018 rec·-

276 2051 331 2079 tor
354 2047 395 2080 de
414 2047 595 2083 Forteviot
618 2055 651 2083 et
671 2050 794 2085 WVeme
813 2051 1040 2095 ecclesiarum,
1060 2057 1115 2089 vir
1132 2055 1265 2093 statura
1282 2072 1456 2104 procerus,
1474 2066 1557 2099 affa-

276 2127 364 2168 bilis,
383 2130 489 2170 mitis,
507 2132 659 2175 prudens
678 2137 712 2167 et
730 2134 837 2174 dives,
853 2135 897 2168 ob
914 2136 1013 2180 cujus
1028 2138 1247 2180 prudentiam
1264 2142 1301 2176 in
1313 2146 1411 2189 regni
1426 2150 1555 2181 cancel-

890 2208 915 2231 D
