1837 2698
895 303 950 330 VII

286 409 470 453 aliquando
496 409 550 441 vel
577 408 694 441 Latini
720 408 887 441 sermonis
914 408 1117 452 proprietati
1148 411 1388 454 repugnantia.
1441 409 1555 443 Multa

287 506 359 538 sine
377 505 482 538 dubio
500 510 631 538 restant
650 505 865 549 corrigenda.

335 601 388 634 De
401 602 586 644 appendice
604 601 750 644 denique
768 611 876 644 pauca
894 602 1072 634 monenda.
1119 601 1184 634 Illa
1198 606 1332 635 constat
1349 613 1367 635 e
1385 604 1556 646 computis

287 698 503 740 quibusdam,
534 698 703 741 excerptis
733 698 775 729 de
806 698 913 730 veteri
943 697 1032 730 libro
1066 703 1309 741 computorum
1340 700 1557 743 episcopatus

289 793 554 831 Dunkeldemis,
579 794 691 826 codice
717 794 940 836 amplissimae
966 794 1194 833 auctoritatis,
1220 795 1275 828 cui
1299 796 1409 828 multa
1433 797 1553 829 insunt

289 902 367 933 quae
397 890 525 933 publici
550 890 641 934 juris
667 890 740 922 fieri
766 894 965 929 mererent3
1001 891 1154 933 computi
1180 895 1295 924 autem
1322 892 1556 935 impensarum

288 987 402 1029 pontis
421 985 676 1019 Dunkeldensis
695 985 873 1018 edificandi
891 986 1085 1028 praesertim
1103 987 1205 1020 utiles
1221 987 1287 1020 visi
1300 992 1393 1027 sunt,
1408 989 1451 1021 ad
1464 989 1559 1021 illus-

289 1084 451 1115 trandum
473 1082 598 1115 librum
623 1083 664 1114 de
684 1082 862 1125 episcopis,
883 1082 943 1125 qui
968 1082 1060 1115 hunc
1083 1087 1223 1126 pontem
1242 1085 1433 1118 condidisse
1451 1086 1560 1118 maxi-

289 1190 385 1212 mum
403 1179 466 1212 sibi
485 1179 650 1211 honorem
666 1179 850 1217 duxerunt,
869 1183 903 1211 et
921 1179 1020 1222 cujus
1034 1179 1113 1212 libri
1128 1184 1247 1213 auctor
1260 1181 1432 1224 impensas
1446 1183 1558 1225 operis

289 1276 360 1317 ipse
391 1275 658 1313 administravit,
691 1277 710 1291 ‘⁶
738 1274 907 1318 Magister
937 1274 1065 1307 fabrice
1092 1276 1230 1318 pontis’'
1260 1278 1461 1320 appellatus.
1522 1278 1558 1311 Si

289 1376 449 1414 excerpta
462 1376 580 1403 nostra
593 1371 629 1402 in
644 1371 786 1403 taedium
800 1371 943 1413 produci
955 1372 1149 1411 videantur,
1161 1373 1216 1405 vel
1230 1373 1305 1406 haec
1315 1374 1361 1406 sit
1374 1375 1559 1413 excusatio,

289 1467 381 1510 quod
403 1477 514 1499 mores
535 1467 676 1510 quidam
700 1468 824 1499 exoleti
851 1467 887 1499 in
911 1467 965 1500 his
989 1469 1158 1511 computis
1179 1469 1385 1509 referantur,
1409 1475 1443 1504 et
1460 1482 1559 1505 voces

289 1564 391 1597 etiam
426 1564 613 1597 rarissimae
647 1567 681 1596 et
717 1574 797 1606 quae
831 1564 914 1597 alibi
948 1564 1079 1598 frustra
1108 1567 1265 1609 quaesitae
1294 1567 1418 1607 forent,
1448 1570 1484 1602 in
1511 1572 1559 1603 eis

290 1665 481 1693 occurrant.

337 1758 480 1791 Accedit
496 1757 577 1790 huic
594 1758 737 1790 editioni
756 1757 936 1790 nominum
958 1763 991 1791 et
1008 1759 1162 1792 locorum
1180 1761 1293 1794 index.
