1837 2698
103 1073 141 1100 A.
150 1074 186 1101 D.
200 1074 280 1101 1300.

104 1636 280 1664 A.D.1312.

304 313 348 344 12
493 308 633 339 VITAE
658 309 991 340 EPISCOPORUM
1013 308 1424 340 DUNKELDENSIUM.

353 499 619 533 ROBERTUS
646 501 687 533 de
705 501 984 540 STUT1W1LLIS,
1007 501 1063 533 vir
1085 501 1221 540 nobilis,
1239 500 1404 539 moribus,
1431 498 1581 538 scientia,

303 585 337 614 et
351 581 423 614 vita
436 583 621 624 preclarus,
635 586 718 615 tunc
732 582 925 625 praedictae
939 579 1093 615 ecclesiae
1107 583 1266 620 decanus,
1278 583 1337 625 qui
1351 585 1492 625 propter
1506 582 1581 626 ejus

302 661 523 704 probitatem,
542 662 770 701 nobilitatem,
789 667 823 695 et
840 663 1072 705 prudentiam,
1090 663 1186 706 prius
1205 667 1279 695 erat
1297 663 1423 695 electus
1442 663 1477 695 in
1496 660 1582 704 epis-

302 753 425 786 copum
433 742 826 782 SanctiAndreae,anno
839 744 971 776 domini
983 741 1160 776 millesimo
1168 741 1398 776 ducentesimo
1410 743 1578 785 quinqua-

303 820 433 868 gesimo
458 824 583 862 terci03
611 823 665 856 sed
688 825 942 857 contradicente
963 823 1164 857 Alexandro
1182 836 1262 869 rege
1280 824 1394 862 tertio,
1414 820 1582 867 Magister

304 902 418 943 Abell,
443 905 704 938 archidiaconus
731 905 848 938 Sancti
875 904 1047 943 Andreae,
1066 916 1126 947 per
1149 903 1431 947 supplicationem
1450 904 1581 948 regiam

304 986 397 1029 apud
424 985 555 1028 Papam
583 986 786 1028 praevaluit.
842 985 892 1018 Et
919 997 997 1018 cum
1027 985 1138 1018 sedem
1167 983 1445 1018 Dunkeldensem
1476 985 1576 1017 annis

306 1067 433 1111 viginti
455 1071 530 1100 octo
554 1067 690 1112 egregie
711 1064 856 1105 rexisset,
880 1071 1039 1100 mortuus
1061 1064 1110 1099 est
1133 1077 1224 1099 anno
1242 1066 1373 1099 domini
1395 1062 1575 1098 millesimo

303 1145 547 1181 trecentefimo.
599 1147 664 1181 Cui
682 1159 744 1191 per
761 1148 960 1181 electionem
977 1144 1128 1181 succeffit

354 1391 611 1431 MATHEUS,
635 1393 695 1436 qui
723 1403 784 1435 per
809 1391 944 1437 Anglos
970 1390 1149 1425 institutus
1176 1389 1235 1430 est,
1254 1395 1408 1435 tempore
1434 1391 1579 1425 Roberti

308 1473 453 1512 Harcas,
472 1474 681 1506 vicecomitis
702 1474 743 1506 de
762 1473 880 1511 Perth,
899 1484 1000 1516 quem
1020 1472 1165 1505 Sanctus
1185 1472 1335 1505 Michael
1353 1472 1525 1505 interfecit
1542 1473 1579 1505 in

305 1555 335 1587 le
353 1554 522 1587 Dardrois
535 1554 642 1593 Furd,
660 1559 801 1598 propter
818 1554 964 1598 injurias
982 1553 1153 1586 canonicis
1171 1551 1239 1586 suis
1257 1554 1392 1592 illatas3
1420 1554 1480 1596 qui
1500 1564 1578 1586 cum

306 1634 434 1667 ibidem
453 1633 585 1668 sediffet
604 1636 702 1668 annis
725 1634 915 1673 duodecim,
934 1634 1018 1667 obiit
1042 1645 1133 1667 anno
1157 1634 1287 1666 domini
1308 1631 1486 1667 millefimo
1512 1638 1580 1667 tre-

304 1713 487 1749 centefimo
505 1715 718 1749 duodecimo.
769 1714 835 1748 Cui
853 1726 914 1758 per
931 1716 1130 1748 electionem
1147 1712 1297 1748 succeffit

356 1959 661 1993 WILLELMUS
687 1961 729 1992 de
753 1959 912 1992 SANCTO
936 1959 1086 1999 CLARQ
1104 1960 1296 1992 avunculus
1314 1959 1482 1992 Willelmi
1510 1959 1580 1993 Do-

308 2041 395 2073 mini
413 2038 522 2074 Biss'at
536 2045 569 2074 et
588 2040 763 2079 Glascone,
781 2052 871 2073 anno
889 2040 1020 2073 domini
1045 2038 1222 2073 millesimo
1242 2037 1477 2073 trecentefimo
1495 2040 1579 2073 duo-

304 2122 445 2156 decimo.
500 2121 569 2156 Hic
587 2123 641 2155 vir
658 2122 782 2156 nobilis
801 2126 875 2156 erat
892 2126 926 2155 et
950 2122 1204 2167 magnanimus,
1223 2119 1444 2165 ecclesiaeque
1462 2121 1571 2166 pugil,
