1837 2698
662 306 825 341 PONTIS
846 309 1206 344 DUNKELDENffls.
1530 324 1575 355 35

339 493 458 534 ITEM,
477 494 575 529 Idem
595 503 797 543 compotans
815 506 936 535 onerat
954 500 985 535 se
1002 503 1045 536 de

289 585 478 609 avenarum
506 577 684 613 deliberat.
716 581 760 613 ad
790 583 937 616 verudas
965 595 1026 627 per
1050 584 1221 619 Jacobum
1243 586 1353 632 Muyr
1374 589 1571 623 averarium

290 655 431 690 Domini
448 662 489 691 ut
508 655 663 693 similiter
681 666 778 705 patet
796 667 830 696 et
849 664 979 707 patebit
1000 665 1035 698 in
1054 667 1222 710 compotis
1241 666 1319 702 suis.

368 737 512 772 Summa
530 739 735 775 Avenarum

287 816 450 862 Expofite
467 821 511 854 ad
530 822 677 856 verudas
695 828 729 857 et
747 835 833 868 eque
853 836 932 858 cum
951 832 1183 871 compotante.

329 1059 438 1094 ITEM
465 1061 563 1095 Idem
585 1069 786 1108 computans
810 1072 931 1101 onerat
954 1067 986 1101 se
1009 1069 1051 1102 de
1070 1045 1135 1116 iiijc
1155 1045 1245 1116 ἰῗῇκχ
1255 1072 1292 1118 iij
1312 1073 1347 1107 li.
1366 1052 1417 1119 i‘i'ij
1437 1074 1462 1108 ἔ.
1481 1076 1516 1121 vj
1534 1074 1568 1110 d.

281 1143 427 1186 receptis
446 1154 466 1176 a
484 1143 636 1178 Domino
655 1150 689 1179 et
711 1147 788 1181 aliis
812 1148 888 1193 ejus
914 1151 1054 1184 nomine
1077 1156 1118 1185 ut
1141 1158 1237 1196 patet
1250 1153 1286 1187 in
1311 1155 1401 1189 libro
1424 1155 1569 1191 Domini

280 1233 386 1256 manu
404 1227 634 1268 compotantis
653 1225 778 1271 scripto
802 1228 933 1264 ostenso
956 1230 1058 1275 super
1081 1238 1281 1278 compotum
1331 1235 1381 1270 Et
1398 1238 1441 1271 de
1458 1236 1524 1272 xx²³
1542 1240 1566 1272 ἒ.

279 1304 423 1347 receptis
449 1316 469 1337 a
496 1305 666 1351 Magistro
687 1308 849 1343 Johanne
873 1311 1011 1346 Lacock
1035 1315 1227 1358 grauiterio
1252 1315 1396 1352 Domini
1422 1320 1464 1353 de
1490 1321 1567 1364 qui-

278 1383 341 1417 bus
364 1386 515 1419 reddidit
537 1393 737 1432 compotum
759 1392 853 1434 apud
877 1392 1088 1428 Dunkelden
1111 1396 1244 1430 decimo
1266 1400 1371 1432 tertio
1392 1401 1447 1434 die
1470 1411 1566 1435 men-

275 1462 317 1497 fis
340 1464 540 1500 Decembris
564 1479 656 1503 anno
676 1471 808 1505 domini
832 1471 1011 1508 millefimo
1035 1476 1311 1522 quingentesimo
1329 1480 1462 1515 decimo
1513 1482 1562 1516 Et

277 1545 318 1577 de
336 1524 459 1591 xxi‘ririiij
479 1548 505 1579 ἔ.
526 1549 672 1592 receptis
693 1550 736 1584 ab
761 1553 880 1586 eodem
906 1555 948 1587 de
971 1555 1097 1598 quibus
1122 1555 1277 1592 similiter
1298 1560 1450 1595 reddidit
1473 1573 1564 1597 com-

274 1630 394 1668 potum
425 1629 519 1671 apud
550 1628 664 1674 Clony
692 1633 776 1677 xxvj
810 1633 1021 1669 Novembris
1047 1648 1140 1671 anno
1170 1643 1228 1672 {0⁴
1258 1642 1292 1672 vc
1318 1641 1396 1686 xj¹¹¹⁰
1444 1642 1494 1677 Et
1519 1645 1561 1678 de

275 1707 359 1751 xviij
379 1707 414 1740 li.
441 1709 475 1753 vj
495 1709 520 1742 ἕ.
547 1710 572 1755 ij
591 1708 624 1743 d.
651 1717 776 1757 recept.
803 1715 848 1748 ab
873 1717 992 1750 eodem
1018 1719 1210 1763 graniterio
1228 1720 1345 1755 Lacok
1369 1723 1411 1756 de
1433 1725 1560 1768 quibus

272 1785 427 1821 {imiliter
456 1791 607 1825 reddidit
633 1799 831 1837 compotum
856 1798 949 1840 apud
980 1797 1165 1833 Dounkeld
1194 1801 1320 1847 xxiiiJ²⁰
1347 1802 1557 1841 Novembris

271 1879 362 1901 anno
391 1874 448 1902 *tc*
475 1872 509 1903 vc
540 1872 627 1917 xijm⁰
681 1873 731 1908 Et
754 1876 796 1909 de
822 1878 921 1923 xlviij
946 1879 971 1911 ἔ.
994 1880 1036 1913 de
1063 1881 1191 1924 quibus
1222 1880 1380 1918 fimiliter
1403 1887 1554 1921 reddidit

269 1955 468 1992 compotum
495 1954 589 1996 apud
610 1953 797 1990 Dounkeld
819 1959 905 2003 xviij
930 1959 1096 2006 februarij
1125 1974 1216 1997 anno
1241 1969 1298 1998 'ze‘
1317 1967 1351 1998 vc
1372 1967 1460 2011 xijmo
1478 1980 1555 2012 pre-

268 2030 360 2063 dicto
391 2030 440 2064 Et
457 2033 499 2065 de
516 2034 552 2079 xj
572 2034 608 2067 li.
626 2046 675 2068 xv
693 2037 718 2070 ἔ.
739 2047 765 2070 x
791 2036 823 2072 d.
843 2045 969 2084 recept.
988 2041 1031 2075 ab
1055 2043 1174 2076 eodem
1199 2045 1309 2079 eidem
1333 2048 1370 2080 in
1393 2050 1552 2092 proximo

265 2118 424 2155 compoto
447 2124 511 2148 suo
538 2116 713 2151 reddendo
737 2120 879 2154 allocan.
914 2121 964 2155 Et
985 2123 1027 2156 de
1046 2124 1094 2169 vij
1114 2125 1149 2158 li.
1174 2126 1199 2170 ij
1219 2128 1243 2159 ἔ.
1263 2137 1285 2160 v
1302 2125 1334 2160 d.
1360 2132 1505 2174 receptis
1531 2143 1551 2165 a

879 2211 910 2235 Μ
