1837 2698
312 302 356 336 74.
484 296 621 327 VITAE
646 295 975 326 EPISCOPORUM
997 294 1403 326 DUNKELDENSIUM.

312 406 482 444 dentibus,
500 404 610 449 ipsum
628 403 836 448 Episcopum
856 404 947 447 apud
965 404 1144 437 dominum
1162 403 1436 437 Gubernatorem
1452 414 1515 447 pro
1528 415 1580 437 re-

310 487 422 519 medio
451 487 599 524 mittere,
626 485 685 518 alii
712 483 822 528 ipsum
850 485 887 517 in
916 484 1057 527 propria
1090 482 1236 527 persona
1264 485 1397 517 curiam
1429 482 1577 523 visitare,

311 566 553 601 consuluerunt
567 577 576 605 ;
595 565 651 599 sed
663 563 742 609 ipfis
754 564 1037 603 consultantibus,
1051 575 1125 598 ecce
1142 565 1290 598 nuncius
1303 563 1390 598 astat
1402 564 1579 598 Andream

310 647 519 692 postulatum
537 658 634 681 arma
651 644 780 690 cepisse,
803 650 837 679 et
854 649 974 678 contra
997 644 1217 689 Episcopum,
1236 646 1280 678 ad
1297 646 1462 678 tuendum
1488 647 1580 689 pala-

311 732 397 764 tium
413 731 450 763 in
467 729 626 773 proximo
644 727 838 760 venientem
857 731 1005 760 enarrat.
1057 725 1159 759 Tunc
1177 737 1219 758 ex
1237 726 1419 769 campanili
1438 730 1472 758 et
1488 727 1582 768 pala-

310 812 359 844 tio
376 809 555 854 episcopali
574 811 746 841 tormenta
759 807 940 851 jaciuntur
955 816 964 845 ;
991 806 1123 839 nobiles
1142 817 1220 839 cum
1238 804 1408 850 Episcopo
1425 817 1488 849 pro
1506 807 1580 851 ejus

310 888 502 925 defenfione
519 888 551 922 se
569 892 714 932 ponunt,
740 887 864 920 nobilis
882 887 1053 927 Decanus,
1076 886 1099 920 J
1101 887 1227 920 acobus
1245 886 1417 920 Dominus
1435 886 1576 931 Ogilvy,

309 972 424 1005 David
444 968 611 1015 Magister
627 968 875 1007 Crawfurdiae‚
893 968 1036 1002 Colinus
1061 967 1240 1011 Campbell
1259 968 1300 1000 de
1319 966 1577 1011 Glenurquhar,

310 1054 481 1086 Dominus
496 1050 715 1095 Kynfawnis,
726 1049 1002 1082 Praebendarius
1015 1049 1057 1082 de
1071 1048 1194 1092 Alyth,
1206 1052 1240 1081 et
1258 1048 1360 1081 multi
1378 1048 1437 1080 alii
1451 1045 1580 1080 ecclefi-

311 1132 415 1167 astici.
456 1131 600 1164 Interim
619 1130 772 1163 mittitur
789 1129 825 1162 in
843 1126 1036 1173 Angufiam
1055 1132 1089 1162 et
1106 1129 1190 1161 alias
1208 1132 1324 1171 partes
1342 1138 1405 1170 pro
1419 1126 1580 1171 Episcopi

311 1213 440 1251 amicis,
465 1216 498 1244 et
521 1212 557 1244 in
581 1208 768 1243 crastinum
794 1213 1030 1242 convenerunt
1055 1220 1076 1241 a
1101 1207 1276 1242 Montrose
1302 1212 1336 1241 et
1361 1207 1582 1241 inferioribus

310 1293 468 1337 partibus
481 1292 523 1325 de
536 1291 647 1335 Fyffe,
661 1294 695 1323 et
708 1300 751 1323 ex
764 1290 858 1323 omni
871 1293 969 1333 parte
982 1289 1255 1333 circumjacente,
1269 1289 1305 1321 in
1323 1288 1475 1321 maxima
1493 1289 1582 1321 mul-

311 1374 470 1412 titudine,
488 1382 593 1416 quam
612 1371 672 1404 vix
689 1374 825 1414 poterat
842 1370 963 1403 civitas
987 1381 1116 1413 capere.
1167 1369 1260 1403 Tum
1287 1369 1403 1402 taliter
1427 1379 1489 1412 per
1513 1368 1582 1401 dic-

311 1461 384 1488 tum
399 1452 691 1487 Praebendarium
702 1451 743 1484 de
754 1450 867 1494 Alyth
878 1449 1063 1494 provisum,
1074 1455 1114 1483 ut
1126 1461 1187 1483 nec
1197 1449 1395 1482 hominibus
1409 1459 1471 1481 nec
1484 1448 1580 1492 equis

311 1534 495 1568 defuerunt
519 1531 677 1576 hospitia,
703 1531 842 1570 cibaria,
867 1530 993 1574 pabula
1017 1531 1071 1563 vel
1097 1528 1239 1563 stabula.
1291 1527 1488 1562 Postulatus
1511 1539 1581 1561 non

313 1616 429 1648 valens
447 1613 614 1657 palatium
632 1613 772 1650 intrare,
787 1612 824 1644 in
840 1608 940 1644 filvas
957 1610 989 1644 se
1008 1609 1159 1653 suscepit.
1200 1609 1300 1642 Tunc
1313 1620 1355 1642 ex
1368 1613 1466 1652 parte
1480 1607 1580 1652 Epis-

312 1696 398 1739 copi,
409 1698 564 1728 tenentes
577 1692 767 1736 campanile
780 1696 814 1724 et
826 1691 1005 1735 palatium,
1019 1689 1081 1724 sub
1094 1689 1457 1723 excommunicationis
1471 1700 1580 1733 poena

312 1775 435 1809 moniti
448 1773 527 1807 sunt
540 1785 580 1806 ea
592 1771 761 1816 Episcopo
775 1772 909 1805 tradere
921 1781 930 1811 ;
949 1772 1040 1814 quod
1055 1776 1248 1810 renuentes,
1262 1769 1423 1814 Episcopi
1436 1769 1580 1809 familia,

312 1867 389 1889 cum
407 1855 534 1899 quibus
553 1853 826 1886 Praebendarius
844 1857 878 1885 et
890 1851 913 1884 J
915 1851 1040 1885 acobus
1054 1851 1279 1889 CarmichaeL
1294 1851 1328 1883 vi
1346 1855 1380 1883 et
1397 1850 1581 1893 prudentia

313 1935 501 1979 campanile
519 1934 753 1968 obtinuerunt.
805 1932 905 1965 Tunc
923 1930 1076 1965 custodes
1102 1932 1221 1976 palatii
1246 1932 1323 1975 plus
1347 1931 1519 1968 timentes,
1537 1930 1580 1962 ad

313 2021 421 2049 certas
438 2015 551 2054 horas,
570 2019 709 2058 treugas
723 2017 757 2046 et
770 2011 956 2046 sententiae
970 2012 1334 2046 excommunicationis
1353 2010 1581 2044 continuatio-

313 2108 402 2135 nem,
420 2096 644 2130 obtinuerunt
659 2105 668 2133 ς
696 2094 781 2128 hora
798 2098 913 2127 tamen
932 2094 1145 2132 adveniente,
1164 2093 1331 2136 palatium
1350 2096 1463 2124 tamen
1482 2091 1578 2134 prius
