1837 2698
280 309 348 339 llo
553 305 815 338 COMPOTUM
837 304 1056 336 MAGISTRI
1079 304 1273 336 FABRICE

276 414 428 456 quinque
451 424 594 446 onerum
619 424 802 447 arenarum
819 413 856 457 lij
876 416 901 445 ἔ.
919 414 953 458 xj
967 425 984 457 3
1001 411 1034 446 d.
1087 413 1136 446 Et
1162 414 1328 446 alloeatur
1354 412 1464 445 eidem
1488 422 1548 455 per

276 493 516 526 liberacionem
542 494 668 527 factam
694 493 857 526 lathomis
885 497 919 526 et
946 504 1066 526 eorum
1091 492 1313 526 servitoribus
1336 492 1548 536 erigentibus

275 573 426 616 primum
461 584 580 606 arcum
605 574 720 616 pontis
750 573 981 606 Dounkelden
1012 584 1033 605 a
1061 573 1174 615 primo
1202 571 1225 604 J
1228 572 1288 615 ulij
1317 572 1354 604 in
1384 572 1547 604 ultimum

276 652 486 695 Septembris
504 653 586 685 anni
604 653 753 696 compoti
771 653 807 697 iij
815 655 842 671 ¹¹
861 653 908 697 vij
928 653 963 685 li.
982 653 1016 696 vj
1037 655 1061 685 ἔ.
1104 651 1153 685 Et
1170 652 1340 684 allocatur
1357 652 1467 684 eidem
1486 662 1546 694 per

275 732 514 765 liberacionem
544 732 670 765 factam
704 733 869 776 operariis
903 732 1097 765 locantibus
1128 729 1164 775 ly
1193 729 1371 764 Bulwarlc
1406 737 1547 774 propter

273 810 497 845 retensionem
515 823 603 856 aque
620 813 664 845 ab
681 823 764 845 arcu
781 824 801 845 a
819 813 949 845 decimo
968 812 1055 844 Maii
1072 812 1110 844 in
1127 812 1236 855 xxviij
1252 810 1350 855 Junij
1367 811 1458 843 infra
1471 821 1547 853 pre-

273 892 346 925 sens
365 898 561 935 compotum
580 892 628 935 vij
648 893 683 925 li.
702 893 738 925 ix
756 894 780 925 ἔ.
799 892 835 925 ix
851 890 884 924 d.
935 892 985 925 Et
1007 893 1174 925 allocatur
1192 892 1301 924 eidem
1320 902 1382 934 per
1399 891 1546 934 empcio-

273 983 351 1005 nem
374 974 477 1005 unius
501 973 588 1005 bolle
610 983 798 1005 avenarum
825 974 866 1005 ad
891 974 1032 1005 veredos
1059 983 1119 1015 per
1146 977 1282 1015 tempus
1308 972 1457 1015 compoti
1483 982 1504 1003 v
1522 974 1546 1003 ἒ.

274 1051 323 1085 Et
340 1054 507 1086 allocatur
524 1053 633 1085 eidem
655 1063 716 1095 per
739 1053 979 1085 liberacionem
1004 1052 1130 1085 factam
1149 1052 1284 1084 Thome
1302 1051 1452 1095 WVrycht
1475 1062 1547 1084 car-

271 1133 428 1174 pentario
453 1133 489 1165 in
514 1132 654 1165 feodum
680 1131 779 1165 suum
803 1133 846 1165 ab
870 1133 993 1165 ultimo
1019 1137 1178 1175 compoto
1202 1133 1239 1165 in
1263 1133 1355 1165 diem
1378 1131 1543 1175 presentis

271 1213 419 1255 compoti
437 1224 459 1244 x
473 1214 508 1245 li.
546 1212 596 1246 Et
613 1214 781 1245 allocatur
798 1213 908 1245 eidem
926 1223 987 1255 per
1004 1212 1246 1245 liberacionem
1263 1211 1390 1244 factam
1409 1211 1544 1244 Thome

270 1292 390 1324 Sawar
415 1292 499 1324 alias
532 1291 612 1324 Sow
637 1293 674 1324 in
699 1291 799 1324 feodo
824 1290 884 1324 suo
909 1292 1039 1334 capien.
1065 1302 1127 1334 per
1156 1302 1286 1324 annum
1312 1291 1545 1335 quadraginta

270 1371 392 1404 solidos
406 1376 440 1403 et
454 1370 558 1414 usque
569 1369 694 1404 festum
707 1371 823 1404 Sancti
838 1371 934 1404 Petri
948 1371 1041 1414 quod
1055 1371 1182 1403 dicitur
1195 1369 1254 1403 Ad
1266 1371 1406 1403 uincula
1419 1371 1544 1403 ultimo

270 1450 420 1493 elapsum
439 1451 618 1483 extenden.
637 1451 681 1483 ad
699 1456 768 1483 tres
786 1455 928 1493 quartas
947 1455 1062 1493 partes
1081 1451 1163 1483 anni
1180 1448 1270 1483 xxx‘j
1289 1453 1314 1482 ἔ.
1366 1449 1416 1482 Et
1433 1450 1542 1482 eidem

269 1531 398 1573 capien.
416 1541 477 1573 per
500 1531 591 1563 diem
615 1530 765 1563 Domino
788 1529 924 1563 absente
948 1531 1036 1562 citra
1059 1530 1185 1562 bollam
1211 1530 1247 1562 in
1273 1530 1482 1572 proprandio
1509 1535 1541 1561 et

268 1608 489 1652 postprandio
507 1610 689 1642 denarium
707 1620 727 1641 a
744 1607 829 1642 festo
843 1609 1094 1652 purificacionis
1113 1609 1211 1642 beate
1230 1609 1376 1653 virginis
1395 1610 1430 1641 in
1449 1610 1539 1641 diem

267 1687 455 1722 cessationis
485 1690 597 1732 operis
627 1700 695 1732 quo
725 1689 816 1721 idem
846 1688 999 1721 Thomas
1027 1692 1169 1721 vocatus
1201 1686 1251 1720 est
1275 1688 1312 1720 in
1339 1687 1537 1731 obsequium

712 1747 735 1759 Ol*

267 1849 485 1880 candelarum
503 1858 567 1891 pro
585 1848 724 1880 verudis
742 1847 779 1879 in
795 1847 919 1890 hyeme
937 1847 973 1879 in
991 1858 1082 1879 anno
1100 1847 1230 1879 domini
1244 1844 1423 1879 millefimo
1439 1848 1540 1889 quin-

266 1925 453 1972 gentefimo
470 1928 548 1971 xiij⁰
565 1927 657 1959 infra
674 1925 809 1969 presens
827 1931 1025 1969 compotum
1043 1927 1091 1971 xij
1111 1924 1144 1959 d.
1184 1925 1233 1959 Et
1250 1926 1360 1958 eidem
1379 1937 1440 1968 per
1458 1927 1539 1959 libe-

264 2008 434 2039 racionem
459 2007 586 2040 factam
611 2004 657 2039 lie
680 2004 826 2051 Cowper
850 2007 886 2039 in
908 2006 1191 2039 reformacionem
1214 2003 1261 2038 lie
1282 2009 1410 2038 morter
1426 2004 1540 2037 tabbis

264 2084 413 2119 instante
437 2097 537 2129 opere
564 2087 649 2129 xviij
669 2084 701 2118 d.
755 2085 804 2118 Et
827 2087 937 2119 eidem
960 2097 1023 2129 pro
1046 2086 1275 2119 inundacione
1302 2086 1402 2118 calcis
1421 2086 1462 2117 ad
1481 2096 1531 2117 ce-
