1837 2698
397 332 535 364 VITAE
558 331 882 365 EPISCOPORUM
904 328 1308 362 DUNKELDENSIUM.
1425 330 1470 364 47

191 441 358 476 Jacobum
379 448 545 486 quartum
569 440 670 481 misit,
694 443 900 486 promittens
922 441 1032 473 multa
1051 438 1074 472 fi
1097 437 1234 472 cessaret
1263 449 1283 470 a
1306 436 1467 480 support-

192 523 282 556 ando
300 522 479 556 Gallorum
498 523 628 568 Regem
646 534 654 563 ;
683 534 725 556 ex
743 521 894 561 adverso,
908 533 928 554 a
947 520 1055 554 Gallis
1074 516 1235 563 promissa
1252 517 1330 551 sunt
1349 528 1468 550 mune-

193 614 231 636 ra
248 607 282 636 et
300 615 396 637 arma
414 604 556 637 minime
575 602 764 636 observata.
792 602 868 636 Rex
886 607 1002 635 tamen
1019 601 1041 633 J
1044 600 1169 634 acobus
1184 604 1340 643 quartus,
1359 597 1467 631 Gallis

195 684 345 723 credens,
363 684 530 729 Angliam
556 683 692 723 invasit,
717 683 914 716 Norehame
940 680 1088 715 castrum
1114 680 1345 724 expugnando
1369 679 1469 722 cepit,

195 770 229 798 et
247 765 290 797 ad
308 765 516 808 quindenam
536 765 716 797 bellatores
736 763 852 797 Gallos
870 762 1091 806 exspectavit,
1108 760 1164 794 sed
1179 759 1317 793 frustra.
1369 759 1470 792 Tunc

197 856 308 878 comes
327 845 368 877 de
385 844 525 883 Suthra,
543 846 777 877 locumtenens
796 843 994 888 Anglorum
1013 842 1131 886 Regis,
1154 841 1281 874 bellum
1303 841 1395 873 dicto
1411 839 1434 872 J
1437 851 1471 873 a-

196 925 280 958 cobo
298 925 386 969 Regi
405 925 542 964 obtulit,
561 926 615 958 cui
640 923 709 968 ipse
736 924 870 962 annuit,
899 928 933 956 et
954 924 990 955 in
1016 922 1222 961 Flowdoun,
1246 932 1324 955 cum
1351 921 1470 954 multis

198 1005 296 1049 regni
307 1005 492 1044 nobilibus,
504 1004 652 1039 crastino
665 1006 859 1038 nativitatis
872 1005 992 1038 beatae
1004 1003 1172 1048 Virginis,
1183 1014 1274 1036 anno
1285 1002 1471 1046 praedicto,

198 1086 329 1119 decimo
351 1087 464 1125 tertio,
483 1086 643 1120 occubuit
659 1096 667 1125 3
696 1086 786 1119 inter
803 1096 889 1129 quos
908 1085 1009 1118 multi
1028 1084 1217 1118 familiares
1235 1084 1318 1116 dicti
1336 1081 1473 1126 pontifi-

200 1167 258 1205 cis,
268 1167 473 1200 ceciderunt.
496 1167 546 1200 Et
560 1168 595 1200 in
607 1167 689 1200 dicti
702 1166 809 1211 Regis
821 1167 945 1204 locum,
957 1170 1140 1199 coronatus
1155 1163 1204 1198 est
1218 1165 1308 1197 filius
1322 1163 1345 1197 J
1347 1164 1472 1197 acobus

200 1247 354 1290 quintus,
367 1248 459 1290 apud
471 1247 671 1291 Striveling,
684 1247 738 1280 die
751 1246 867 1279 Sancti
880 1246 1026 1285 Mathei,
1041 1257 1131 1279 anno
1144 1245 1331 1289 praedicto,
1343 1255 1472 1278 annum

201 1332 235 1361 et
251 1328 405 1371 quinque
423 1326 552 1360 menses
571 1327 693 1360 aetatis
711 1326 788 1360 suae
808 1338 923 1372 agens.
949 1326 1028 1365 Quo
1046 1325 1233 1370 episcopus,
1251 1330 1285 1359 et
1302 1324 1475 1359 senectute

203 1407 304 1452 (quae
322 1408 462 1441 morbus
481 1406 544 1451 est)
563 1419 602 1441 ac
618 1412 717 1441 tanto
735 1408 942 1441 calamitatis
961 1412 1124 1451 tempore,
1139 1407 1289 1450 patriam
1306 1407 1475 1450 regimine

202 1494 236 1522 et
260 1489 450 1522 rectoribus
476 1487 675 1522 destitutam
702 1489 832 1527 dolens,
857 1499 935 1521 cum
961 1486 1073 1521 sedem
1099 1487 1194 1520 suam
1221 1488 1320 1520 annis
1350 1488 1475 1531 viginti

202 1581 326 1603 novem
352 1567 498 1606 rexisset,
524 1570 654 1602 calculo
681 1567 797 1612 (quem
821 1566 867 1601 lie
880 1566 958 1614 fill
974 1570 1080 1614 vulgo
1105 1568 1279 1612 dicebant)
1305 1565 1476 1611 depressus

204 1651 367 1684 continuo
384 1649 490 1694 usque
507 1655 654 1683 mortem
673 1655 821 1683 vexatur
836 1660 845 1689 ;
872 1654 1015 1693 propter
1037 1650 1130 1693 quod
1153 1648 1268 1682 Deum
1286 1653 1360 1682 toto
1377 1648 1477 1681 corde

210 1731 383 1770 laudabat,
402 1731 556 1774 mihique
574 1729 733 1763 secretius
753 1731 842 1763 dixit
859 1729 891 1763 se
909 1742 929 1763 a
946 1730 1086 1763 domino
1104 1730 1317 1768 exauditum,
1341 1729 1478 1772 petitio-

204 1822 284 1844 nem
313 1809 444 1854 semper
469 1811 506 1844 in
531 1809 599 1844 suis
629 1811 842 1844 orationibus
868 1809 1030 1850 habuisse,
1057 1814 1097 1843 ut
1122 1810 1179 1843 hic
1205 1810 1368 1843 continuo
1399 1815 1478 1844 ante

205 1896 351 1924 mortem
364 1896 593 1934 torqueretur.
620 1890 670 1924 Et
684 1892 854 1935 quamvis,
868 1891 963 1924 omni
977 1902 1079 1930 anno,
1093 1889 1336 1924 testamentum
1350 1889 1478 1924 solebat

206 1973 347 2016 proprio
376 1971 582 2016 cirographo
614 1971 788 2009 conficere,
820 1968 905 2004 ficut
935 1969 1011 2015 post
1041 1975 1188 2004 mortem
1218 1971 1399 2004 inventum
1431 1970 1480 2004 est

206 2064 316 2087 unum
335 2054 413 2086 talis
440 2053 580 2091 tenoris,
607 2055 627 2069 ‘⁶
645 2051 744 2091 DEo‚
761 2051 901 2096 Virgini
927 2050 1103 2097 gloriosae,
1129 2056 1164 2085 et
1189 2056 1335 2095 patrono
1353 2051 1479 2086 Sancto

206 2134 405 2173 Columbae,
418 2133 569 2167 animam
581 2133 674 2178 lego3
694 2133 784 2166 bona
795 2132 911 2166 Sancti
924 2132 1122 2172 Columbae,
1136 2132 1223 2166 mihi
1235 2132 1478 2172 incumbentia,
