1837 2698
385 309 524 340 VITAE
546 307 874 340 EPISCOPORUM
896 305 1303 338 DUNKELDENSIUM.
1442 308 1481 338 41

213 419 285 457 toli,
310 417 562 457 Innocentium,
585 418 754 451 Omnium
771 416 987 454 Sanctorum,
1006 414 1172 458 Stephani
1190 412 1481 457 prothomartiris,

212 504 246 532 et
263 499 434 532 Johannis
453 496 610 541 baptiste,
629 498 665 530 in
682 496 859 530 honestate
873 496 1039 530 servanda
1053 506 1062 534 3
1084 495 1244 539 quodque
1257 504 1318 537 per
1332 491 1482 537 singulos

212 580 283 613 dies
302 580 396 613 omni
414 578 615 622 septimana,
628 589 719 611 unus
734 578 873 611 illorum
887 578 924 610 in
938 582 1042 610 turno
1055 574 1115 609 suo
1128 573 1258 609 missam
1275 574 1461 607 celebraret
1473 583 1482 612 ;

210 671 298 704 quae
315 660 482 693 hactenus
501 660 538 692 in
554 657 701 692 secundo
719 657 820 702 pulsu
837 659 881 691 ad
898 657 1089 691 matutinas
1106 659 1298 699 opportune
1316 653 1483 691 servatur,

210 741 253 774 ad
278 751 383 784 quam
409 740 525 773 devoti
551 737 762 772 ecclesiastici
787 744 821 772 et
847 739 945 772 bonis
972 737 1133 781 operibus
1160 736 1326 770 seculares
1353 733 1483 772 assueti,

211 821 430 865 advenaeque
447 820 654 859 itineraturi,
672 820 867 853 exultantes
886 819 1108 852 conveniunt.

256 981 391 1014 Deinde
408 992 518 1014 unum
537 983 644 1014 altare
663 985 696 1014 et
714 981 929 1024 capellanum
948 984 1155 1023 perpetuum
1173 980 1210 1012 in
1227 976 1363 1012 ecclefia
1383 988 1484 1021 paro-

209 1062 312 1095 chiali
330 1062 371 1095 tle
389 1061 526 1101 Dunde,
543 1060 595 1095 sui
613 1060 828 1105 baptismatis
845 1062 929 1100 loco,
948 1062 984 1094 in
1002 1061 1168 1094 honorem
1187 1059 1332 1093 Sanctae
1350 1059 1483 1092 Mariae

211 1147 245 1176 et
263 1142 388 1175 Trium
404 1142 552 1187 Regum,
570 1140 772 1175 constructis
791 1142 835 1174 ad
852 1142 916 1175 hoc
934 1141 1013 1174 satis
1031 1142 1144 1184 ample
1161 1141 1262 1174 terris
1281 1140 1483 1184 burgalibus

209 1233 270 1266 per
281 1233 358 1256 eum
372 1221 717 1266 conquestis‚necnon
728 1234 843 1255 annuo
854 1223 992 1255 redditu
1004 1223 1118 1255 decem
1129 1221 1296 1254 librarum
1310 1225 1481 1254 terrarum

210 1304 251 1336 de
264 1302 483 1342 Kirkbuddo,
495 1301 696 1342 construxit,
708 1302 856 1341 ornavit,
868 1303 1001 1335 dotavit
1016 1307 1049 1335 et
1062 1302 1241 1335 fundando
1254 1302 1483 1345 perpetuavit.

257 1464 354 1497 Duas
380 1463 485 1497 etiam
508 1464 713 1507 capellanias
737 1464 774 1496 in
795 1464 925 1507 capella
941 1464 1061 1496 beatae
1080 1462 1267 1496 Katerinae
1285 1463 1432 1507 virginis
1450 1469 1483 1496 et

208 1544 362 1578 martiris
381 1543 473 1577 infra
495 1544 609 1577 lacum
632 1544 674 1577 de
698 1543 822 1588 Clony,
844 1543 965 1587 easque
982 1545 1020 1577 in
1036 1543 1087 1577 sui
1106 1548 1140 1577 et
1156 1543 1296 1577 suorum
1313 1543 1482 1577 familiam

210 1623 431 1659 successorum
455 1623 634 1663 ascribens,
661 1635 704 1657 ex
728 1635 844 1658 annuo
867 1625 1006 1658 redditu
1030 1625 1251 1668 praediorum
1277 1622 1483 1658 rusticorum

211 1703 366 1739 fimiliter
388 1706 637 1749 perpetuando,
660 1705 847 1745 fundavit;
874 1716 979 1749 quam
1002 1706 1167 1748 capellam
1186 1709 1220 1738 et
1237 1709 1350 1738 totum
1372 1706 1482 1738 locum

211 1785 419 1818 fortalicium
438 1786 475 1819 in
492 1787 584 1820 dicta
601 1785 712 1819 insula
736 1785 893 1829 (excepta
910 1785 1051 1830 majoris
1069 1786 1176 1818 turris
1194 1786 1302 1830 volta)
1324 1796 1345 1818 a
1362 1785 1484 1818 funda-

211 1868 337 1901 mentis
354 1866 545 1901 construxit
563 1871 597 1900 et
613 1869 800 1911 reparavit.
852 1867 901 1901 Et
918 1868 1000 1911 quia
1017 1867 1054 1900 in
1072 1868 1215 1910 antiquo
1233 1864 1387 1899 ecclesiae
1405 1865 1483 1899 suae

212 1946 356 1994 registro
376 1948 511 1982 invenit
528 1945 625 1981 fuisse
643 1948 829 1991 aliquando
846 1948 1076 1991 praebendam
1095 1946 1338 1990 hospitalitatis
1358 1957 1400 1979 ex
1418 1952 1486 1980 ter·

212 2030 260 2063 ris
282 2030 324 2063 de
350 2026 601 2062 Ferdiss'chawe
625 2027 856 2068 constitutam,
879 2040 966 2072 quas
988 2027 1040 2061 sui
1063 2026 1307 2071 predecessores
1328 2026 1486 2072 episcopi,

212 2108 297 2145 ficut
314 2114 348 2144 et
364 2115 475 2144 terras
493 2110 535 2144 de
553 2108 676 2154 Gawy,
699 2108 779 2143 suae
796 2108 931 2143 mensae
951 2109 1222 2154 applicaverant,
1245 2109 1425 2143 accedente
1441 2110 1485 2142 ad

838 2198 861 2223 F
