1837 2698
292 299 336 333 68
465 298 604 330 VITAE
627 298 959 331 EPISCOPORUM
980 299 1389 331 DUNKELDENSIUM.

339 488 765 523 PRAEBENDARIUS
786 491 827 523 de
850 488 1098 528 Ferdischawe,
1116 490 1276 523 dominus
1294 489 1470 523 Johannes
1488 489 1563 522 Ste-

290 569 408 612 phani,
426 568 554 602 musica
573 575 607 603 et
625 581 835 615 organorum
857 569 933 603 lusu
951 571 1119 603 excellens
1136 580 1144 609 ;
1172 571 1227 602 vir
1249 568 1436 609 honestus;
1462 580 1565 613 prop-

289 653 392 688 terea,
411 654 444 682 et
462 651 627 693 praedicti
646 651 863 694 prebendarii
883 652 924 684 de
942 650 1043 684 Alith
1060 651 1271 690 interventu,
1289 662 1350 694 per
1368 651 1563 696 Georgeum

290 728 494 773 episcopum,
513 731 549 763 in
566 731 853 774 praebendarium
872 732 913 764 de
932 730 1169 764 Ferdischawe
1189 736 1369 774 promotus
1386 741 1395 770 3
1422 732 1563 764 domum

290 811 325 843 in
343 810 410 843 fine
431 809 587 844 ecclefiae
612 811 727 845 Sancti
747 811 905 857 Georgei,
929 823 992 855 pro
1016 812 1265 855 praebendario
1289 822 1350 854 per
1369 810 1562 855 Georgeum

289 890 484 934 episcopum
508 890 749 931 constructam,
773 893 958 936 reparavit,
981 897 1181 936 caeteraque
1205 892 1358 925 aedificia
1380 890 1564 925 mansionis

288 971 381 1004 illius
399 982 419 1003 a
438 971 676 1005 fundamentis
694 973 803 1005 erexit
820 971 983 1012 honeste;
1011 978 1045 1006 et
1067 973 1156 1011 licet,
1176 973 1259 1005 dum
1278 977 1352 1005 erat
1368 973 1563 1015 capellanus

288 1051 329 1083 de
351 1050 465 1090 Inver,
484 1063 526 1085 ex
544 1053 685 1096 capituli
706 1053 934 1097 indulgentia,
957 1063 1020 1096 pro
1037 1051 1115 1085 suae
1133 1053 1255 1085 aetatis
1273 1056 1307 1085 et
1324 1052 1451 1085 laboris
1468 1062 1560 1085 reve-

288 1132 410 1170 rentia,
424 1143 444 1164 a
457 1133 638 1165 matutinis
652 1130 759 1165 abesse
774 1131 911 1171 solebat,
925 1134 961 1166 in
977 1133 1180 1166 canonicum
1197 1133 1340 1166 dilectus
1358 1143 1437 1165 raro
1455 1130 1562 1165 abesse

289 1217 428 1246 notatus
447 1211 505 1246 est.

338 1374 460 1407 POST
478 1376 719 1408 canonicorum
739 1376 951 1414 memoriam,
971 1375 1030 1419 qui
1045 1380 1079 1408 et
1093 1373 1241 1418 episcopi
1254 1374 1453 1407 Cardinales
1471 1373 1560 1414 sunt,

289 1467 358 1489 non
376 1456 419 1489 ab
437 1467 473 1489 re
491 1454 564 1495 esse,
579 1457 620 1489 de
635 1467 754 1489 eorum
769 1457 918 1495 vicariis,
932 1457 993 1500 qui
1011 1467 1097 1489 onus
1115 1457 1183 1489 diei
1201 1460 1235 1489 et
1253 1454 1364 1489 aestus
1382 1460 1558 1499 portantes

283 1538 416 1582 jugiter
439 1537 578 1570 domino
603 1536 828 1575 famulantur,
852 1537 983 1580 aliquid
1006 1536 1135 1569 referre
1157 1535 1286 1579 scriptu
1310 1536 1466 1580 dignum,
1490 1546 1560 1568 ine-

288 1628 366 1650 cum
384 1618 559 1661 perpendi,
576 1628 685 1660 quum
703 1628 745 1650 ex
762 1618 908 1650 tantillis
926 1617 1084 1650 laborum
1102 1615 1279 1660 stipendiis
1297 1621 1447 1649 caeteros
1460 1617 1558 1661 regni

289 1699 481 1741 capellanos
498 1699 731 1741 praecellunt:
758 1699 826 1730 viz.
845 1697 1016 1730 Dominus
1037 1696 1233 1741 Stephanus
1251 1696 1285 1729 Y
1286 1708 1365 1741 ους,
1384 1702 1509 1730 natura
1526 1702 1560 1730 et

289 1780 534 1822 complexione,
562 1779 715 1812 virorum
741 1776 1015 1823 jocundissimus,
1041 1778 1227 1811 advocatus
1253 1775 1501 1815 consistorialis,
1525 1782 1559 1810 et

291 1858 439 1893 chorista
455 1861 491 1892 in
509 1864 614 1893 cantu
631 1859 762 1898 firmus,
781 1864 814 1892 et
828 1859 1002 1892 ordinario
1015 1860 1165 1892 multum
1178 1863 1350 1902 expertus.
1393 1856 1559 1902 Magister

290 1940 312 1972 J
315 1940 466 1973 ohannes
484 1940 694 1979 Pennicuke,
715 1940 987 1984 grammaticam,
1005 1940 1162 1984 logicam,
1180 1938 1440 1982 philosophiam,
1458 1936 1560 1971 mufi-

291 2031 375 2059 cam,
397 2020 520 2065 jusque
538 2021 739 2054 canonicum
757 2021 888 2059 doctus,
906 2018 1133 2053 choristarum
1150 2021 1319 2058 colunma,
1336 2024 1370 2052 et
1392 2019 1556 2051 horarum

290 2103 530 2136 canonicarum
549 2102 685 2136 sedulus
703 2100 910 2141 observator,
929 2102 1140 2135 domicilium
1159 2100 1290 2138 fovens,
1307 2104 1453 2132 matrem
1471 2100 1558 2132 mul-
