1837 2698
477 303 617 335 VITAE
640 302 965 335 EPISCOPORUM
988 301 1396 333 DUNKELDENSIUM.
1499 303 1544 339 69

270 419 345 446 tum
374 413 532 453 honorat,
561 414 602 446 de
631 413 858 457 Tullepowry
888 414 1096 456 capellanus.
1147 411 1320 444 Dominus
1347 410 1547 443 Alexander

272 494 423 533 Ricardi,
442 494 496 526 vir
517 494 616 532 fidus,
635 493 797 527 honestus
815 493 1063 537 paterfamilias
1078 503 1087 531 ;
1114 493 1156 525 de
1174 491 1242 525 suis
1260 492 1304 524 ab
1322 489 1546 524 adolescentia

271 575 379 608 bonae
390 575 515 608 indolis
527 586 650 618 pueros
663 575 823 608 educavit
837 585 846 613 3
874 575 958 607 alios
973 575 1009 606 in
1021 574 1197 618 religionis
1209 577 1447 617 augmentum,
1462 571 1546 603 alios

271 655 306 686 in
324 653 540 697 presbiteros,
559 660 593 688 et
611 656 696 688 alios
719 656 756 688 in
778 655 873 687 chori
898 653 1088 692 servitium,
1110 658 1208 697 aptos
1226 654 1344 691 dedit3
1372 653 1408 685 in
1429 652 1548 684 divino

270 734 409 768 servitio
427 736 522 769 chori
541 734 866 774 observantissimus,
885 740 919 768 et
942 736 978 768 in
1002 733 1098 767 miffa
1118 736 1267 767 multum
1287 734 1468 766 devotione
1492 743 1549 765 ex-

272 817 444 860 emplaris.
495 817 668 850 Dominus
686 816 897 849 lVillielmus
922 816 1068 854 Lacock‚
1093 816 1289 859 capellanus
1313 814 1430 847 Sancti
1452 813 1549 846 Petri

272 902 305 930 et
324 898 474 931 vicarius
492 898 534 930 de
552 897 696 941 Retray,
715 898 769 930 vir
786 897 919 935 decens,
937 895 1111 929 forinsecis
1135 896 1312 929 laboribus
1330 897 1480 928 multum
1498 895 1550 927 in-

273 977 409 1016 sudans,
421 976 622 1021 praesertim
634 978 670 1010 in
681 976 907 1011 resarcionem
921 978 1103 1011 domorum
1115 977 1323 1020 capellaniae
1334 976 1413 1010 suae
1426 975 1551 1009 funda-

273 1063 399 1097 torum,
418 1059 510 1101 quod
529 1056 591 1091 nifi
609 1057 678 1101 ipse
696 1056 820 1097 fuisset,
839 1057 990 1102 ejusdem
1008 1059 1198 1102 capellania
1214 1056 1310 1102 quasi
1328 1059 1363 1090 in
1382 1057 1550 1090 nichilum

272 1140 496 1184 redigeretur.
552 1139 725 1172 Dominus
750 1139 900 1172 Jacobus
924 1139 1083 1179 Lawder,
1110 1151 1201 1173 unus
1228 1140 1483 1183 capellanorum
1509 1139 1551 1172 de

273 1219 471 1264 Abernyde,
489 1221 544 1253 vir
561 1220 714 1265 juvenis,
735 1221 892 1264 pudicus,
917 1219 1092 1260 honestus,
1117 1219 1281 1254 muficam
1307 1221 1393 1254 bene
1419 1222 1551 1259 doctus,

275 1301 395 1334 matris
414 1301 613 1340 honorator,
628 1302 743 1334 curiae
761 1299 1001 1334 consistorialis
1020 1302 1218 1341 advocatus,
1231 1302 1390 1335 cordialis
1404 1306 1438 1334 et
1451 1301 1551 1340 fidus,

277 1386 321 1420 et,
339 1380 435 1414 suam
453 1381 497 1414 ob
519 1380 817 1415 mansuetudinem
844 1387 878 1415 et
900 1382 1091 1427 majoribus
1115 1381 1319 1426 praestitum
1340 1382 1551 1427 obsequium,

273 1463 428 1505 apprime
441 1462 597 1495 dilectus.
617 1462 788 1495 Dominus
798 1460 1007 1496 W⁷illieln1us
1020 1463 1196 1508 Martyne,
1204 1466 1400 1508 capellanus
1407 1464 1551 1498 Sanctae

274 1542 473 1581 Katerinae,
491 1543 546 1575 vir
564 1540 738 1581 honestus,
756 1541 904 1576 musicus
920 1554 928 1576 :
955 1548 989 1577 et
1001 1543 1024 1576 J
1026 1544 1178 1578 ohannes
1192 1544 1300 1578 frater
1314 1546 1388 1589 ejus
1399 1546 1551 1590 juvenis,

276 1621 442 1665 presbiter
459 1620 603 1666 simplex
620 1628 654 1656 et
672 1624 828 1663 devotus,
843 1622 1007 1657 musicam
1026 1626 1158 1664 doctus,
1175 1627 1438 1670 grammaticam
1453 1626 1551 1660 bonis

278 1703 432 1736 moribus
450 1708 484 1737 et
501 1704 683 1749 diligentia
705 1705 742 1737 in
765 1705 884 1738 divino
901 1704 1040 1739 servitio
1057 1705 1239 1750 supplevit.
1290 1707 1462 1740 Dominus
1487 1706 1552 1741 Pa-

276 1785 396 1817 tricius
415 1784 584 1824 Gardner,
603 1786 691 1819 alius
709 1790 861 1829 quatuor
878 1788 1134 1830 capellanorum
1155 1788 1197 1820 de
1220 1787 1413 1832 Abirnyde,
1439 1793 1551 1832 pater-

277 1866 425 1898 familias
444 1864 660 1905 domesticus,
679 1867 734 1899 vir
751 1867 787 1900 in
806 1866 968 1907 vestibus,
986 1867 1222 1911 suppellectili,
1240 1874 1274 1902 et
1292 1868 1407 1903 mensa
1423 1881 1551 1914 paupe-

276 1958 354 1979 rum
373 1944 635 1986 honestiffimus,
653 1947 810 1987 devotus,
828 1945 982 1991 simplex,
1006 1948 1190 1982 secundum
1216 1961 1274 1983 cor
1296 1948 1394 1984 suum
1420 1951 1551 1995 semper

276 2029 419 2071 loquens
436 2038 444 2066 3
473 2032 615 2071 propter
638 2028 784 2072 ydeoma
805 2028 1044 2068 Hiberuicum,
1062 2034 1096 2062 et
1114 2028 1208 2063 suam
1227 2042 1370 2076 gravem
1394 2031 1551 2065 honesta-

278 2114 358 2148 tem,
371 2109 743 2152 vicepoenitentiarius.
771 2108 943 2143 Dominus
958 2109 1111 2144 Thomas
1123 2110 1287 2150 Bettoun,
1301 2113 1496 2156 capellanus
1510 2115 1551 2146 de
