<?xml version="1.0" encoding="UTF-8"?>
<!DOCTYPE html PUBLIC "-//W3C//DTD XHTML 1.0 Transitional//EN"
    "http://www.w3.org/TR/xhtml1/DTD/xhtml1-transitional.dtd">
<html xmlns="http://www.w3.org/1999/xhtml" xml:lang="en" lang="en">
 <head>
  <title>
</title>
<meta http-equiv="Content-Type" content="text/html;charset=utf-8" />
  <meta name='ocr-system' content='tesseract 3.04.00' />
  <meta name='ocr-capabilities' content='ocr_page ocr_carea ocr_par ocr_line ocrx_word'/>
</head>
<body>
  <div class='ocr_page' id='page_1' title='image "./vitaedunkeldensi00myln_0095.png"; bbox 0 0 1837 2698; ppageno 0'>
   <div class='ocr_carea' id='block_1_1' title="bbox 410 313 1507 352">
    <p class='ocr_par' dir='ltr' id='par_1_1' title="bbox 410 313 1507 352">
     <span class='ocr_line' id='line_1_1' title="bbox 410 313 1507 352; baseline -0.004 -6"><span class='ocrx_word' id='word_1_1' title='bbox 410 317 548 348; x_wconf 93' lang='lat' dir='ltr'><strong>VITAE</strong></span> <span class='ocrx_word' id='word_1_2' title='bbox 571 315 905 347; x_wconf 90' lang='lat' dir='ltr'>EPISCOPORUM</span> <span class='ocrx_word' id='word_1_3' title='bbox 927 313 1332 347; x_wconf 87' lang='lat' dir='ltr'>DUNKELDENSIUM.</span> <span class='ocrx_word' id='word_1_4' title='bbox 1463 318 1507 352; x_wconf 84' lang='lat'>73</span> 
     </span>
    </p>
   </div>
   <div class='ocr_carea' id='block_1_2' title="bbox 232 422 1515 2164">
    <p class='ocr_par' dir='ltr' id='par_1_2' title="bbox 232 422 1515 2164">
     <span class='ocr_line' id='line_1_2' title="bbox 233 422 1510 469; baseline -0.003 -11"><span class='ocrx_word' id='word_1_5' title='bbox 233 435 310 458; x_wconf 86' lang='lat' dir='ltr'>rum</span> <span class='ocrx_word' id='word_1_6' title='bbox 337 423 467 469; x_wconf 88' lang='lat' dir='ltr'>sponso,</span> <span class='ocrx_word' id='word_1_7' title='bbox 490 430 525 458; x_wconf 88' lang='lat' dir='ltr'>et</span> <span class='ocrx_word' id='word_1_8' title='bbox 549 425 760 464; x_wconf 87' lang='lat' dir='ltr'>Camerario,</span> <span class='ocrx_word' id='word_1_9' title='bbox 783 423 952 469; x_wconf 85' lang='lat' dir='ltr'>Angliam</span> <span class='ocrx_word' id='word_1_10' title='bbox 977 425 1209 462; x_wconf 85' lang='lat' dir='ltr'>intraverunt,</span> <span class='ocrx_word' id='word_1_11' title='bbox 1235 427 1269 456; x_wconf 89' lang='lat' dir='ltr'>et</span> <span class='ocrx_word' id='word_1_12' title='bbox 1294 422 1422 455; x_wconf 88' lang='lat' dir='ltr'>ibidem</span> <span class='ocrx_word' id='word_1_13' title='bbox 1448 422 1510 454; x_wconf 89' lang='lat' dir='ltr'>ali-</span> 
     </span>
     <span class='ocr_line' id='line_1_3' title="bbox 232 502 1509 549; baseline -0.003 -11"><span class='ocrx_word' id='word_1_14' title='bbox 232 506 400 548; x_wconf 86' lang='lat' dir='ltr'>quamdiu</span> <span class='ocrx_word' id='word_1_15' title='bbox 410 503 628 539; x_wconf 79' lang='lat' dir='ltr'>residentiam</span> <span class='ocrx_word' id='word_1_16' title='bbox 642 505 808 545; x_wconf 85' lang='lat' dir='ltr'>fecerunt,</span> <span class='ocrx_word' id='word_1_17' title='bbox 821 505 997 549; x_wconf 86' lang='lat' dir='ltr'>quousque</span> <span class='ocrx_word' id='word_1_18' title='bbox 1008 506 1100 538; x_wconf 88' lang='lat' dir='ltr'>inter</span> <span class='ocrx_word' id='word_1_19' title='bbox 1111 515 1168 538; x_wconf 88' lang='lat' dir='ltr'>eos</span> <span class='ocrx_word' id='word_1_20' title='bbox 1182 508 1216 537; x_wconf 83' lang='lat' dir='ltr'>et</span> <span class='ocrx_word' id='word_1_21' title='bbox 1231 502 1509 536; x_wconf 83' lang='lat' dir='ltr'>Gubernatorem</span> 
     </span>
     <span class='ocr_line' id='line_1_4' title="bbox 233 583 1511 629; baseline -0.002 -11"><span class='ocrx_word' id='word_1_22' title='bbox 233 587 414 620; x_wconf 82' lang='lat' dir='ltr'>concordia</span> <span class='ocrx_word' id='word_1_23' title='bbox 436 587 525 620; x_wconf 84' lang='lat' dir='ltr'>inita</span> <span class='ocrx_word' id='word_1_24' title='bbox 547 584 607 625; x_wconf 91' lang='lat' dir='ltr'>est,</span> <span class='ocrx_word' id='word_1_25' title='bbox 628 584 880 620; x_wconf 87' lang='lat' dir='ltr'>remiffionibus</span> <span class='ocrx_word' id='word_1_26' title='bbox 902 587 1014 625; x_wconf 85' lang='lat' dir='ltr'>datis;</span> <span class='ocrx_word' id='word_1_27' title='bbox 1042 597 1084 619; x_wconf 83' lang='lat' dir='ltr'>ex</span> <span class='ocrx_word' id='word_1_28' title='bbox 1102 597 1171 629; x_wconf 86' lang='lat' dir='ltr'>qua</span> <span class='ocrx_word' id='word_1_29' title='bbox 1197 585 1301 618; x_wconf 84' lang='lat' dir='ltr'>etiam</span> <span class='ocrx_word' id='word_1_30' title='bbox 1328 583 1511 617; x_wconf 90' lang='lat' dir='ltr'>concordia</span> 
     </span>
     <span class='ocr_line' id='line_1_5' title="bbox 236 664 1510 711; baseline -0.002 -12"><span class='ocrx_word' id='word_1_31' title='bbox 236 667 402 700; x_wconf 85' lang='lat' dir='ltr'>liberatus</span> <span class='ocrx_word' id='word_1_32' title='bbox 414 671 490 700; x_wconf 84' lang='lat' dir='ltr'>erat</span> <span class='ocrx_word' id='word_1_33' title='bbox 501 667 614 700; x_wconf 92' lang='lat' dir='ltr'>dictus</span> <span class='ocrx_word' id='word_1_34' title='bbox 626 664 891 711; x_wconf 85' lang='lat' dir='ltr'>praepofitus‚et</span> <span class='ocrx_word' id='word_1_35' title='bbox 902 665 1120 710; x_wconf 88' lang='lat' dir='ltr'>postmodum</span> <span class='ocrx_word' id='word_1_36' title='bbox 1131 666 1282 711; x_wconf 86' lang='lat' dir='ltr'>gratiam</span> <span class='ocrx_word' id='word_1_37' title='bbox 1292 664 1510 698; x_wconf 88' lang='lat' dir='ltr'>Gubernato-</span> 
     </span>
     <span class='ocr_line' id='line_1_6' title="bbox 237 745 1511 791; baseline -0.002 -11"><span class='ocrx_word' id='word_1_38' title='bbox 237 748 296 786; x_wconf 87' lang='lat' dir='ltr'>ris,</span> <span class='ocrx_word' id='word_1_39' title='bbox 318 748 492 781; x_wconf 85' lang='lat' dir='ltr'>mediante</span> <span class='ocrx_word' id='word_1_40' title='bbox 514 748 726 787; x_wconf 86' lang='lat' dir='ltr'>cancellario,</span> <span class='ocrx_word' id='word_1_41' title='bbox 744 752 778 781; x_wconf 87' lang='lat' dir='ltr'>et</span> <span class='ocrx_word' id='word_1_42' title='bbox 796 746 1027 791; x_wconf 88' lang='lat' dir='ltr'>episcopatum</span> <span class='ocrx_word' id='word_1_43' title='bbox 1045 745 1095 779; x_wconf 85' lang='lat' dir='ltr'>est</span> <span class='ocrx_word' id='word_1_44' title='bbox 1111 747 1278 790; x_wconf 81' lang='lat' dir='ltr'>adeptus3</span> <span class='ocrx_word' id='word_1_45' title='bbox 1303 757 1406 789; x_wconf 88' lang='lat' dir='ltr'>quem</span> <span class='ocrx_word' id='word_1_46' title='bbox 1420 746 1511 778; x_wconf 88' lang='lat' dir='ltr'>idem</span> 
     </span>
     <span class='ocr_line' id='line_1_7' title="bbox 236 826 1513 872; baseline -0.001 -11"><span class='ocrx_word' id='word_1_47' title='bbox 236 829 459 861; x_wconf 86' lang='lat' dir='ltr'>cancellarius</span> <span class='ocrx_word' id='word_1_48' title='bbox 478 827 674 872; x_wconf 88' lang='lat' dir='ltr'>sumptibus</span> <span class='ocrx_word' id='word_1_49' title='bbox 691 826 760 861; x_wconf 91' lang='lat' dir='ltr'>suis</span> <span class='ocrx_word' id='word_1_50' title='bbox 779 829 871 872; x_wconf 88' lang='lat' dir='ltr'>apud</span> <span class='ocrx_word' id='word_1_51' title='bbox 889 826 1047 872; x_wconf 88' lang='lat' dir='ltr'>Glasgwe</span> <span class='ocrx_word' id='word_1_52' title='bbox 1070 828 1107 860; x_wconf 92' lang='lat' dir='ltr'>in</span> <span class='ocrx_word' id='word_1_53' title='bbox 1124 826 1318 871; x_wconf 88' lang='lat' dir='ltr'>episcopum</span> <span class='ocrx_word' id='word_1_54' title='bbox 1342 826 1513 860; x_wconf 88' lang='lat' dir='ltr'>consecra-</span> 
     </span>
     <span class='ocr_line' id='line_1_8' title="bbox 236 906 1513 953; baseline -0.001 -12"><span class='ocrx_word' id='word_1_55' title='bbox 236 910 299 948; x_wconf 91' lang='lat' dir='ltr'>vit,</span> <span class='ocrx_word' id='word_1_56' title='bbox 318 909 408 942; x_wconf 87' lang='lat' dir='ltr'>datis</span> <span class='ocrx_word' id='word_1_57' title='bbox 426 907 489 942; x_wconf 91' lang='lat' dir='ltr'>fibi</span> <span class='ocrx_word' id='word_1_58' title='bbox 506 910 600 941; x_wconf 89' lang='lat' dir='ltr'>ultra</span> <span class='ocrx_word' id='word_1_59' title='bbox 617 909 681 941; x_wconf 92' lang='lat' dir='ltr'>hoc</span> <span class='ocrx_word' id='word_1_60' title='bbox 694 909 850 953; x_wconf 88' lang='lat' dir='ltr'>jocalicis</span> <span class='ocrx_word' id='word_1_61' title='bbox 867 908 1081 942; x_wconf 89' lang='lat' dir='ltr'>muneribus.</span> <span class='ocrx_word' id='word_1_62' title='bbox 1133 907 1233 940; x_wconf 90' lang='lat' dir='ltr'>Tunc</span> <span class='ocrx_word' id='word_1_63' title='bbox 1252 907 1409 940; x_wconf 88' lang='lat' dir='ltr'>Gavinus</span> <span class='ocrx_word' id='word_1_64' title='bbox 1428 906 1513 951; x_wconf 90' lang='lat' dir='ltr'>epis-</span> 
     </span>
     <span class='ocr_line' id='line_1_9' title="bbox 235 986 1512 1033; baseline 0 -11"><span class='ocrx_word' id='word_1_65' title='bbox 235 1000 339 1033; x_wconf 85' lang='lat' dir='ltr'>copus</span> <span class='ocrx_word' id='word_1_66' title='bbox 365 987 590 1028; x_wconf 85' lang='lat' dir='ltr'>consecratus,</span> <span class='ocrx_word' id='word_1_67' title='bbox 616 989 763 1028; x_wconf 87' lang='lat' dir='ltr'>rediens,</span> <span class='ocrx_word' id='word_1_68' title='bbox 781 986 953 1022; x_wconf 85' lang='lat' dir='ltr'>ecclefiam</span> <span class='ocrx_word' id='word_1_69' title='bbox 979 989 1196 1032; x_wconf 88' lang='lat' dir='ltr'>primitivam</span> <span class='ocrx_word' id='word_1_70' title='bbox 1214 987 1330 1021; x_wconf 84' lang='lat' dir='ltr'>Sancti</span> <span class='ocrx_word' id='word_1_71' title='bbox 1349 987 1512 1023; x_wconf 80' lang='lat' dir='ltr'>Andreae</span> 
     </span>
     <span class='ocr_line' id='line_1_10' title="bbox 236 1067 1512 1114; baseline 0 -12"><span class='ocrx_word' id='word_1_72' title='bbox 236 1070 350 1113; x_wconf 89' lang='lat' dir='ltr'>primo</span> <span class='ocrx_word' id='word_1_73' title='bbox 375 1070 674 1114; x_wconf 86' lang='lat' dir='ltr'>indulgentiarum</span> <span class='ocrx_word' id='word_1_74' title='bbox 705 1074 860 1114; x_wconf 88' lang='lat' dir='ltr'>tempore</span> <span class='ocrx_word' id='word_1_75' title='bbox 890 1074 1092 1103; x_wconf 86' lang='lat' dir='ltr'>octavarum</span> <span class='ocrx_word' id='word_1_76' title='bbox 1123 1069 1305 1102; x_wconf 85' lang='lat' dir='ltr'>Michaelis</span> <span class='ocrx_word' id='word_1_77' title='bbox 1336 1067 1487 1103; x_wconf 88' lang='lat' dir='ltr'>vifitavit</span> <span class='ocrx_word' id='word_1_78' title='bbox 1504 1080 1512 1108; x_wconf 88' lang='grc'><strong>;</strong></span> 
     </span>
     <span class='ocr_line' id='line_1_11' title="bbox 237 1148 1514 1194; baseline 0 -11"><span class='ocrx_word' id='word_1_79' title='bbox 237 1151 360 1183; x_wconf 89' lang='lat' dir='ltr'>deinde</span> <span class='ocrx_word' id='word_1_80' title='bbox 383 1148 555 1183; x_wconf 88' lang='lat' dir='ltr'>ecclefiam</span> <span class='ocrx_word' id='word_1_81' title='bbox 573 1149 668 1184; x_wconf 91' lang='lat' dir='ltr'>suam</span> <span class='ocrx_word' id='word_1_82' title='bbox 691 1149 981 1189; x_wconf 86' lang='lat' dir='ltr'>Dunkeldensem,</span> <span class='ocrx_word' id='word_1_83' title='bbox 1003 1150 1062 1183; x_wconf 90' lang='lat' dir='ltr'>ubi</span> <span class='ocrx_word' id='word_1_84' title='bbox 1087 1151 1201 1194; x_wconf 85' lang='lat' dir='ltr'>prima</span> <span class='ocrx_word' id='word_1_85' title='bbox 1226 1155 1325 1184; x_wconf 87' lang='lat' dir='ltr'>nocte</span> <span class='ocrx_word' id='word_1_86' title='bbox 1346 1152 1390 1183; x_wconf 89' lang='lat' dir='ltr'>ad</span> <span class='ocrx_word' id='word_1_87' title='bbox 1412 1152 1514 1184; x_wconf 86' lang='lat' dir='ltr'>eccle-</span> 
     </span>
     <span class='ocr_line' id='line_1_12' title="bbox 238 1228 1514 1276; baseline 0.001 -13"><span class='ocrx_word' id='word_1_88' title='bbox 238 1228 320 1263; x_wconf 86' lang='lat' dir='ltr'>fiam</span> <span class='ocrx_word' id='word_1_89' title='bbox 348 1242 368 1263; x_wconf 89' lang='lat' dir='ltr'>a</span> <span class='ocrx_word' id='word_1_90' title='bbox 394 1232 484 1264; x_wconf 90' lang='lat' dir='ltr'>clero</span> <span class='ocrx_word' id='word_1_91' title='bbox 510 1236 544 1264; x_wconf 88' lang='lat' dir='ltr'>et</span> <span class='ocrx_word' id='word_1_92' title='bbox 570 1232 698 1274; x_wconf 89' lang='lat' dir='ltr'>populo</span> <span class='ocrx_word' id='word_1_93' title='bbox 723 1231 871 1276; x_wconf 85' lang='lat' dir='ltr'>benigne</span> <span class='ocrx_word' id='word_1_94' title='bbox 897 1229 946 1264; x_wconf 89' lang='lat' dir='ltr'>est</span> <span class='ocrx_word' id='word_1_95' title='bbox 972 1236 1141 1275; x_wconf 86' lang='lat' dir='ltr'>receptus,</span> <span class='ocrx_word' id='word_1_96' title='bbox 1160 1231 1320 1264; x_wconf 91' lang='lat' dir='ltr'>omnibus</span> <span class='ocrx_word' id='word_1_97' title='bbox 1340 1231 1456 1264; x_wconf 87' lang='lat' dir='ltr'>Deum</span> <span class='ocrx_word' id='word_1_98' title='bbox 1473 1232 1514 1264; x_wconf 87' lang='lat' dir='ltr'>de</span> 
     </span>
     <span class='ocr_line' id='line_1_13' title="bbox 240 1310 1514 1355; baseline 0.002 -12"><span class='ocrx_word' id='word_1_99' title='bbox 240 1316 311 1344; x_wconf 83' lang='lat' dir='ltr'>tam</span> <span class='ocrx_word' id='word_1_100' title='bbox 330 1311 449 1350; x_wconf 87' lang='lat' dir='ltr'>nobili,</span> <span class='ocrx_word' id='word_1_101' title='bbox 463 1312 575 1350; x_wconf 87' lang='lat' dir='ltr'>docto,</span> <span class='ocrx_word' id='word_1_102' title='bbox 593 1316 627 1344; x_wconf 89' lang='lat' dir='ltr'>et</span> <span class='ocrx_word' id='word_1_103' title='bbox 644 1311 778 1344; x_wconf 90' lang='lat' dir='ltr'>decenti</span> <span class='ocrx_word' id='word_1_104' title='bbox 792 1310 948 1355; x_wconf 90' lang='lat' dir='ltr'>episcopo</span> <span class='ocrx_word' id='word_1_105' title='bbox 966 1312 1201 1351; x_wconf 81' lang='lat' dir='ltr'>laudantibus,</span> <span class='ocrx_word' id='word_1_106' title='bbox 1214 1312 1398 1355; x_wconf 88' lang='lat' dir='ltr'>publicatis</span> <span class='ocrx_word' id='word_1_107' title='bbox 1410 1312 1514 1346; x_wconf 89' lang='lat' dir='ltr'>bullis</span> 
     </span>
     <span class='ocr_line' id='line_1_14' title="bbox 237 1391 1515 1437; baseline 0.002 -13"><span class='ocrx_word' id='word_1_108' title='bbox 237 1392 279 1424; x_wconf 87' lang='lat' dir='ltr'>ad</span> <span class='ocrx_word' id='word_1_109' title='bbox 296 1392 409 1436; x_wconf 87' lang='lat' dir='ltr'>majus</span> <span class='ocrx_word' id='word_1_110' title='bbox 421 1393 540 1431; x_wconf 85' lang='lat' dir='ltr'>altare,</span> <span class='ocrx_word' id='word_1_111' title='bbox 551 1396 586 1424; x_wconf 92' lang='lat' dir='ltr'>et</span> <span class='ocrx_word' id='word_1_112' title='bbox 598 1391 833 1424; x_wconf 86' lang='lat' dir='ltr'>benedictione</span> <span class='ocrx_word' id='word_1_113' title='bbox 847 1392 938 1425; x_wconf 86' lang='lat' dir='ltr'>data.</span> <span class='ocrx_word' id='word_1_114' title='bbox 990 1392 1082 1430; x_wconf 88' lang='lat' dir='ltr'>Quia</span> <span class='ocrx_word' id='word_1_115' title='bbox 1096 1393 1264 1436; x_wconf 87' lang='lat' dir='ltr'>palatium</span> <span class='ocrx_word' id='word_1_116' title='bbox 1279 1398 1312 1426; x_wconf 89' lang='lat' dir='ltr'>et</span> <span class='ocrx_word' id='word_1_117' title='bbox 1324 1394 1515 1437; x_wconf 87' lang='lat' dir='ltr'>campanile</span> 
     </span>
     <span class='ocr_line' id='line_1_15' title="bbox 237 1470 1508 1515; baseline 0.003 -11"><span class='ocrx_word' id='word_1_118' title='bbox 237 1476 425 1505; x_wconf 87' lang='lat' dir='ltr'>tenuerunt</span> <span class='ocrx_word' id='word_1_119' title='bbox 451 1471 633 1505; x_wconf 85' lang='lat' dir='ltr'>servitores</span> <span class='ocrx_word' id='word_1_120' title='bbox 656 1470 831 1515; x_wconf 85' lang='lat' dir='ltr'>postulati,</span> <span class='ocrx_word' id='word_1_121' title='bbox 850 1483 890 1506; x_wconf 88' lang='lat' dir='ltr'>eo</span> <span class='ocrx_word' id='word_1_122' title='bbox 914 1471 1051 1506; x_wconf 87' lang='lat' dir='ltr'>absente</span> <span class='ocrx_word' id='word_1_123' title='bbox 1075 1474 1217 1507; x_wconf 86' lang='lat' dir='ltr'>reddere</span> <span class='ocrx_word' id='word_1_124' title='bbox 1241 1475 1439 1514; x_wconf 86' lang='lat' dir='ltr'>noluerunt,</span> <span class='ocrx_word' id='word_1_125' title='bbox 1457 1476 1508 1508; x_wconf 91' lang='lat' dir='ltr'>di-</span> 
     </span>
     <span class='ocr_line' id='line_1_16' title="bbox 239 1552 1514 1599; baseline 0.002 -14"><span class='ocrx_word' id='word_1_126' title='bbox 239 1557 352 1586; x_wconf 89' lang='lat' dir='ltr'>centes</span> <span class='ocrx_word' id='word_1_127' title='bbox 378 1552 411 1586; x_wconf 90' lang='lat' dir='ltr'>se</span> <span class='ocrx_word' id='word_1_128' title='bbox 437 1553 497 1586; x_wconf 83' lang='lat' dir='ltr'>illa</span> <span class='ocrx_word' id='word_1_129' title='bbox 522 1553 661 1586; x_wconf 89' lang='lat' dir='ltr'>nomine</span> <span class='ocrx_word' id='word_1_130' title='bbox 688 1552 939 1588; x_wconf 86' lang='lat' dir='ltr'>Gubernatoris</span> <span class='ocrx_word' id='word_1_131' title='bbox 973 1553 1154 1594; x_wconf 89' lang='lat' dir='ltr'>custodire,</span> <span class='ocrx_word' id='word_1_132' title='bbox 1185 1556 1355 1599; x_wconf 87' lang='lat' dir='ltr'>palatium</span> <span class='ocrx_word' id='word_1_133' title='bbox 1384 1555 1514 1589; x_wconf 85' lang='lat' dir='ltr'>Decani</span> 
     </span>
     <span class='ocr_line' id='line_1_17' title="bbox 238 1630 1513 1680; baseline 0.002 -14"><span class='ocrx_word' id='word_1_134' title='bbox 238 1634 334 1673; x_wconf 84' lang='lat' dir='ltr'>adiit,</span> <span class='ocrx_word' id='word_1_135' title='bbox 352 1633 412 1666; x_wconf 92' lang='lat' dir='ltr'>ubi</span> <span class='ocrx_word' id='word_1_136' title='bbox 430 1630 662 1667; x_wconf 74' lang='lat' dir='ltr'>honestiffime</span> <span class='ocrx_word' id='word_1_137' title='bbox 679 1632 871 1677; x_wconf 84' lang='lat' dir='ltr'>hospitatus</span> <span class='ocrx_word' id='word_1_138' title='bbox 890 1632 962 1674; x_wconf 77' lang='lat' dir='ltr'>est3</span> <span class='ocrx_word' id='word_1_139' title='bbox 990 1633 1047 1668; x_wconf 86' lang='lat' dir='ltr'>sed</span> <span class='ocrx_word' id='word_1_140' title='bbox 1070 1634 1218 1669; x_wconf 89' lang='lat' dir='ltr'>crastino</span> <span class='ocrx_word' id='word_1_141' title='bbox 1242 1635 1452 1680; x_wconf 86' lang='lat' dir='ltr'>Episcopum</span> <span class='ocrx_word' id='word_1_142' title='bbox 1470 1637 1513 1669; x_wconf 87' lang='lat' dir='ltr'>ad</span> 
     </span>
     <span class='ocr_line' id='line_1_18' title="bbox 238 1713 1511 1760; baseline 0.002 -13"><span class='ocrx_word' id='word_1_143' title='bbox 238 1713 408 1747; x_wconf 77' lang='lat' dir='ltr'>ecclesiam</span> <span class='ocrx_word' id='word_1_144' title='bbox 421 1726 438 1747; x_wconf 89' lang='lat' dir='ltr'>e</span> <span class='ocrx_word' id='word_1_145' title='bbox 449 1714 579 1748; x_wconf 84' lang='lat' dir='ltr'>Decani</span> <span class='ocrx_word' id='word_1_146' title='bbox 593 1715 723 1758; x_wconf 84' lang='lat' dir='ltr'>palatio</span> <span class='ocrx_word' id='word_1_147' title='bbox 735 1715 840 1754; x_wconf 86' lang='lat' dir='ltr'>adire,</span> <span class='ocrx_word' id='word_1_148' title='bbox 852 1719 1105 1749; x_wconf 88' lang='lat' dir='ltr'>tormentorum</span> <span class='ocrx_word' id='word_1_149' title='bbox 1115 1716 1225 1760; x_wconf 87' lang='lat' dir='ltr'>jactu,</span> <span class='ocrx_word' id='word_1_150' title='bbox 1236 1716 1490 1760; x_wconf 88' lang='lat' dir='ltr'>prohibuerunt</span> <span class='ocrx_word' id='word_1_151' title='bbox 1503 1729 1511 1757; x_wconf 88' lang='grc'><strong>;</strong></span> 
     </span>
     <span class='ocr_line' id='line_1_19' title="bbox 239 1795 1515 1840; baseline 0.002 -13"><span class='ocrx_word' id='word_1_152' title='bbox 239 1806 346 1837; x_wconf 84' lang='lat' dir='ltr'>quare</span> <span class='ocrx_word' id='word_1_153' title='bbox 365 1796 424 1828; x_wconf 84' lang='lat' dir='ltr'>illo</span> <span class='ocrx_word' id='word_1_154' title='bbox 442 1796 496 1828; x_wconf 90' lang='lat' dir='ltr'>die</span> <span class='ocrx_word' id='word_1_155' title='bbox 514 1796 634 1828; x_wconf 85' lang='lat' dir='ltr'>divina</span> <span class='ocrx_word' id='word_1_156' title='bbox 647 1795 816 1829; x_wconf 87' lang='lat' dir='ltr'>celebrare</span> <span class='ocrx_word' id='word_1_157' title='bbox 831 1800 865 1828; x_wconf 79' lang='lat' dir='ltr'>et</span> <span class='ocrx_word' id='word_1_158' title='bbox 878 1796 998 1829; x_wconf 88' lang='lat' dir='ltr'>audire</span> <span class='ocrx_word' id='word_1_159' title='bbox 1011 1797 1047 1829; x_wconf 91' lang='lat' dir='ltr'>in</span> <span class='ocrx_word' id='word_1_160' title='bbox 1062 1796 1192 1830; x_wconf 85' lang='lat' dir='ltr'>Decani</span> <span class='ocrx_word' id='word_1_161' title='bbox 1212 1797 1340 1840; x_wconf 84' lang='lat' dir='ltr'>palatio</span> <span class='ocrx_word' id='word_1_162' title='bbox 1358 1796 1406 1830; x_wconf 88' lang='lat' dir='ltr'>est</span> <span class='ocrx_word' id='word_1_163' title='bbox 1425 1809 1515 1830; x_wconf 88' lang='lat' dir='ltr'>com-</span> 
     </span>
     <span class='ocr_line' id='line_1_20' title="bbox 241 1874 1514 1920; baseline 0.004 -14"><span class='ocrx_word' id='word_1_164' title='bbox 241 1874 378 1917; x_wconf 84' lang='lat' dir='ltr'>pulsus:</span> <span class='ocrx_word' id='word_1_165' title='bbox 405 1880 439 1908; x_wconf 86' lang='lat' dir='ltr'>et</span> <span class='ocrx_word' id='word_1_166' title='bbox 465 1876 594 1908; x_wconf 86' lang='lat' dir='ltr'>vocatis</span> <span class='ocrx_word' id='word_1_167' title='bbox 619 1875 814 1915; x_wconf 88' lang='lat' dir='ltr'>Canonicis,</span> <span class='ocrx_word' id='word_1_168' title='bbox 840 1887 960 1909; x_wconf 89' lang='lat' dir='ltr'>eorum</span> <span class='ocrx_word' id='word_1_169' title='bbox 978 1877 1209 1910; x_wconf 86' lang='lat' dir='ltr'>obedientiam</span> <span class='ocrx_word' id='word_1_170' title='bbox 1236 1878 1375 1920; x_wconf 84' lang='lat' dir='ltr'>recepit,</span> <span class='ocrx_word' id='word_1_171' title='bbox 1398 1879 1454 1911; x_wconf 91' lang='lat' dir='ltr'>cui</span> <span class='ocrx_word' id='word_1_172' title='bbox 1472 1889 1514 1911; x_wconf 80' lang='lat' dir='ltr'>ex</span> 
     </span>
     <span class='ocr_line' id='line_1_21' title="bbox 238 1956 1514 2000; baseline 0.003 -12"><span class='ocrx_word' id='word_1_173' title='bbox 238 1960 312 1988; x_wconf 86' lang='lat' dir='ltr'>toto</span> <span class='ocrx_word' id='word_1_174' title='bbox 338 1957 438 1988; x_wconf 85' lang='lat' dir='ltr'>corde</span> <span class='ocrx_word' id='word_1_175' title='bbox 465 1956 693 1995; x_wconf 87' lang='lat' dir='ltr'>obedierunt;</span> <span class='ocrx_word' id='word_1_176' title='bbox 729 1961 763 1989; x_wconf 87' lang='lat' dir='ltr'>et</span> <span class='ocrx_word' id='word_1_177' title='bbox 789 1956 961 1990; x_wconf 86' lang='lat' dir='ltr'>viceversa</span> <span class='ocrx_word' id='word_1_178' title='bbox 986 1956 1055 2000; x_wconf 86' lang='lat' dir='ltr'>ipse</span> <span class='ocrx_word' id='word_1_179' title='bbox 1081 1962 1174 1991; x_wconf 86' lang='lat' dir='ltr'>certa</span> <span class='ocrx_word' id='word_1_180' title='bbox 1199 1956 1355 1991; x_wconf 86' lang='lat' dir='ltr'>ecclefiae</span> <span class='ocrx_word' id='word_1_181' title='bbox 1386 1957 1514 1992; x_wconf 86' lang='lat' dir='ltr'>statuta</span> 
     </span>
     <span class='ocr_line' id='line_1_22' title="bbox 236 2035 1512 2081; baseline 0.003 -12"><span class='ocrx_word' id='word_1_182' title='bbox 236 2035 370 2069; x_wconf 70' lang='lat' dir='ltr'>servare</span> <span class='ocrx_word' id='word_1_183' title='bbox 383 2037 530 2081; x_wconf 87' lang='lat' dir='ltr'>juravit.</span> <span class='ocrx_word' id='word_1_184' title='bbox 558 2035 691 2075; x_wconf 81' lang='lat' dir='ltr'>Postea,</span> <span class='ocrx_word' id='word_1_185' title='bbox 703 2037 795 2070; x_wconf 88' lang='lat' dir='ltr'>facto</span> <span class='ocrx_word' id='word_1_186' title='bbox 813 2037 971 2081; x_wconf 87' lang='lat' dir='ltr'>prandio,</span> <span class='ocrx_word' id='word_1_187' title='bbox 985 2038 1070 2081; x_wconf 90' lang='lat' dir='ltr'>quid</span> <span class='ocrx_word' id='word_1_188' title='bbox 1088 2038 1263 2072; x_wconf 85' lang='lat' dir='ltr'>facturum</span> <span class='ocrx_word' id='word_1_189' title='bbox 1278 2037 1366 2078; x_wconf 81' lang='lat' dir='ltr'>esset,</span> <span class='ocrx_word' id='word_1_190' title='bbox 1380 2040 1512 2074; x_wconf 86' lang='lat' dir='ltr'>nobiles</span> 
     </span>
     <span class='ocr_line' id='line_1_23' title="bbox 237 2116 1513 2164; baseline 0.003 -14"><span class='ocrx_word' id='word_1_191' title='bbox 237 2122 270 2150; x_wconf 91' lang='lat' dir='ltr'>et</span> <span class='ocrx_word' id='word_1_192' title='bbox 296 2116 530 2151; x_wconf 79' lang='lat' dir='ltr'>ecclesiasticos</span> <span class='ocrx_word' id='word_1_193' title='bbox 556 2116 667 2151; x_wconf 85' lang='lat' dir='ltr'>secum</span> <span class='ocrx_word' id='word_1_194' title='bbox 695 2116 878 2151; x_wconf 80' lang='lat' dir='ltr'>existentes</span> <span class='ocrx_word' id='word_1_195' title='bbox 909 2117 1106 2158; x_wconf 75' lang='lat' dir='ltr'>consuluit3</span> <span class='ocrx_word' id='word_1_196' title='bbox 1142 2119 1346 2163; x_wconf 86' lang='lat' dir='ltr'>quibusdam</span> <span class='ocrx_word' id='word_1_197' title='bbox 1377 2120 1513 2164; x_wconf 91' lang='lat' dir='ltr'>respon-</span> 
     </span>
    </p>
   </div>
   <div class='ocr_carea' id='block_1_3' title="bbox 856 2207 880 2232">
    <p class='ocr_par' dir='ltr' id='par_1_3' title="bbox 856 2207 880 2232">
     <span class='ocr_line' id='line_1_24' title="bbox 856 2207 880 2232; baseline 0 0"><span class='ocrx_word' id='word_1_198' title='bbox 856 2207 880 2232; x_wconf 85' lang='lat' dir='ltr'><strong>K</strong></span> 
     </span>
    </p>
   </div>
  </div>
 </body>
</html>
