1837 2698
322 317 367 350 752
496 315 633 346 VITAE
656 316 987 348 EPISCOPORUM
1008 317 1421 348 DUNKELDENSIUM.

373 503 566 538 GAVINO
584 506 839 546 DOWGLAS,
854 508 929 540 viro
947 506 1082 547 illustri,
1102 507 1246 542 Comitis
1265 506 1440 553 Augustae
1457 513 1593 552 patruo,

321 584 529 629 theologiam
556 591 590 619 et
607 598 753 620 canones
771 588 926 631 apprime
952 589 1062 627 docto,
1080 588 1264 633 ingenioso,
1282 587 1473 633 praeposlto
1491 590 1594 622 eccle-

321 662 387 697 fiae
405 666 496 699 beati
515 666 635 711 Egidii
654 669 695 700 de
709 667 931 713 Edinburgh‚
945 673 979 702 et
996 670 1121 702 rectori
1139 670 1180 702 de
1199 669 1354 703 Hawche
1369 679 1376 702 :
1403 670 1501 714 cujus
1515 681 1594 703 con-

322 745 433 780 sensus
445 752 638 790 praetextu,
651 753 695 788 et,
709 754 748 782 ut
762 751 902 793 quidam
918 751 1051 790 volunt,
1063 749 1309 794 supplicatione
1320 750 1591 796 RegisAngliae,

320 829 356 860 in
373 827 568 872 episcopum
582 829 857 863 Dunkeldensem
875 841 936 874 per
950 831 1100 864 Leonem
1119 830 1251 874 Papam
1265 831 1435 864 decimum
1449 829 1498 864 est
1515 842 1594 874 pro-

319 913 461 942 motus:
496 909 612 947 Quare
637 910 673 942 in
701 911 813 953 prima
839 908 976 943 seffione
1002 909 1077 954 post
1107 910 1358 944 Gubernatoris
1388 911 1588 949 adventum,

319 995 460 1023 vocatus
482 995 647 1034 tanquam
666 991 824 1024 infrictor
840 990 1049 1025 statutorum
1068 991 1304 1031 Parliamenti,
1323 991 1476 1024 omnium
1494 992 1589 1036 judi-

317 1071 368 1104 cio
393 1070 653 1114 praescriptioni
679 1070 728 1104 est
753 1072 999 1116 adjudicatum
1035 1077 1069 1105 et
1101 1073 1178 1105 ideo
1212 1072 1400 1105 venerabili
1433 1073 1524 1115 patri
1550 1073 1587 1105 in

315 1150 462 1190 Christo,
479 1151 502 1184 J
504 1152 632 1184 ohanni
648 1151 850 1195 Hepburne,
868 1153 975 1195 priori
994 1151 1148 1186 ecclefiae
1166 1153 1363 1196 primitivae
1377 1152 1493 1185 Sancti
1511 1152 1586 1185 An-

313 1233 425 1272 dreae,
451 1231 526 1265 sede
552 1231 703 1277 ejusdem
730 1237 883 1271 vacante,
907 1233 1035 1266 vicario
1060 1234 1212 1278 generali
1234 1231 1283 1266 est
1305 1233 1585 1272 commendatus;

311 1313 424 1355 primo
442 1313 477 1345 in
495 1311 616 1346 Castro
634 1312 845 1352 Puellarum,
863 1314 985 1347 deinde
1002 1314 1039 1346 in
1062 1312 1171 1347 castro
1194 1313 1312 1347 Sancti
1329 1312 1500 1352 Andreae,
1518 1317 1585 1346 ter-

307 1394 356 1426 tio
374 1395 410 1426 in
436 1392 545 1427 castro
562 1393 719 1434 Dunbar,
738 1399 772 1427 et
789 1395 912 1427 ultimo
935 1395 972 1427 in
990 1392 1110 1428 Castro
1127 1394 1339 1433 Puellarum,
1366 1405 1427 1438 per
1447 1405 1578 1427 annum

310 1481 343 1507 et
360 1476 463 1513 ultra,
490 1473 539 1507 est
563 1475 707 1508 carceris
733 1473 904 1508 custodiae
929 1476 1156 1519 mancipatus.
1207 1475 1309 1514 Quod
1327 1475 1462 1520 Regina
1480 1485 1581 1519 aegre

306 1555 430 1594 ferens,
448 1566 525 1588 cum
539 1554 739 1588 Alexandro
751 1555 901 1588 Domino
919 1555 1046 1588 mee
1063 1566 1190 1600 magno
1203 1555 1390 1588 camerario
1403 1556 1576 1594 convenit,

308 1639 347 1668 ut
365 1636 401 1668 in
419 1636 493 1680 ejus
511 1634 664 1669 custodia
680 1636 801 1669 fierent
818 1635 905 1674 Rex,
924 1640 958 1668 et
974 1635 1083 1669 frater
1099 1636 1173 1680 ejus
1190 1634 1389 1668 Alexander
1406 1636 1477 1668 dux
1496 1634 1580 1668 Ros-

308 1713 383 1755 fiae,
401 1714 463 1749 &c.
514 1715 580 1749 Die
603 1714 732 1749 statuto
749 1713 840 1749 mifit
858 1715 1076 1749 Camerarius
1102 1716 1194 1759 apud
1211 1714 1361 1749 castrum
1379 1715 1578 1760 Striveling,

306 1801 340 1830 et
357 1795 469 1829 secum
492 1797 629 1841 collegit
655 1797 747 1840 apud
766 1796 881 1830 Peblis
903 1808 1070 1841 magnum
1087 1797 1298 1836 exercitum;
1325 1797 1418 1840 quod
1435 1797 1577 1829 audiens

305 1878 465 1910 dominus
484 1876 715 1915 Gubernator,
729 1888 807 1910 cum
822 1877 970 1910 dominis
988 1882 1022 1910 et
1039 1877 1260 1922 magnatibus
1277 1878 1386 1922 regni,
1405 1888 1447 1909 ex
1465 1875 1573 1909 Edin-

304 1958 414 2003 burgo
432 1956 547 1990 versus
568 1957 684 1990 Peblis
703 1958 847 2001 equitat,
865 1962 898 1990 et
920 1957 1113 1991 Dominum
1140 1957 1312 2002 Flemyng
1332 1958 1376 1990 ad
1393 1957 1572 1990 Strivelin-

300 2036 400 2082 gense
418 2036 566 2070 castrum
584 2035 675 2070 mifit
690 2048 699 2077 ς
726 2037 787 2071 ubi
805 2037 917 2070 adhuc
934 2043 1033 2071 erant
1051 2038 1128 2071 Rex
1145 2042 1179 2071 et
1195 2038 1303 2071 frater
1319 2038 1393 2082 ejus
1416 2038 1567 2071 nondum

299 2118 488 2152 deliberati.
539 2116 661 2152 Postea
678 2129 761 2152 vero
778 2118 870 2152 infra
886 2118 1000 2158 breve,
1019 2119 1154 2164 Regina
1165 2130 1243 2153 cum
1261 2119 1383 2152 comite
1399 2116 1571 2163 Augusta-
