1837 2698
311 274 379 305 132
592 271 849 302 COMPOTUM
870 271 1095 302 MAGISTRI
1116 271 1310 303 FABRICE

309 379 488 413 bituminis
507 381 549 413 ad
567 381 689 414 umbos
710 381 872 413 redarum
896 381 1105 425 mitigandos
1123 381 1160 426 iij
1179 379 1212 414 d.
1262 381 1312 414 Et
1329 381 1485 415 &Valtero
1502 380 1578 414 Duf

308 459 479 493 laboranti
497 462 586 493 circa
602 461 725 505 bighas
743 472 803 504 per
821 462 907 494 duos
926 462 998 494 dies
1016 462 1040 505 ij
1060 463 1085 494 ἔ.
1135 461 1185 495 Et
1202 463 1369 495 allocatur
1386 463 1497 496 eidem
1514 473 1574 505 per

307 540 547 573 liberacionem
561 541 687 574 factam
705 541 867 574 lathomis
880 542 917 574 in
930 541 1101 575 bibalibus
1115 541 1371 575 transeuntibus
1385 543 1429 575 ad
1442 543 1575 586 querel-

305 621 371 652 lam
391 619 531 654 (liverfis
550 621 683 655 vicibus
708 633 770 665 per
795 627 931 665 tempus
955 624 1105 665 compoti
1131 634 1193 665 pro
1215 621 1261 655 lie
1284 621 1407 667 ajsseyr
1424 621 1576 667 drqffing

302 700 326 743 ij
346 702 369 732 Ξ.
422 699 472 734 Et
491 701 625 734 Thome
643 702 763 735 Sawar
779 701 875 735 misso
893 703 937 735 ad
955 703 1079 736 Pertht
1096 713 1173 736 cum
1195 704 1286 736 redis
1303 703 1471 737 ferrendis
1488 705 1572 737 duo-

301 781 364 814 bus
382 782 479 824 equis
497 783 533 815 in
551 783 677 825 pabulo
695 788 728 816 et
746 781 879 816 stabulo
897 784 1002 816 eciam
1021 783 1058 815 in
1076 784 1194 816 avenis
1211 784 1283 828 xvij
1300 781 1333 816 d.
1384 783 1433 816 Et
1447 785 1569 817 alloca-

299 866 357 894 tur
370 863 479 895 eidem
493 874 554 906 per
565 863 807 896 liberacionem
821 864 948 896 factam
959 863 1159 897 hominibus
1171 864 1376 897 vehentibus
1390 865 1486 909 ligna
1502 876 1565 908 pro

299 942 508 975 confectione
534 944 656 976 domus
682 943 905 976 lathimorum
933 955 975 976 ex
1000 948 1098 987 parte
1124 942 1265 977 australi
1290 955 1377 987 aque
1398 945 1439 977 de
1457 944 1565 988 Taya.

298 1021 345 1055 Et
372 1024 591 1067 garcionibus
610 1024 835 1068 vigilantibus
861 1022 1049 1069 passagium
1068 1022 1209 1058 diverfis
1227 1024 1359 1057 vicibus
1384 1036 1447 1067 pro
1464 1025 1565 1058 inun-

295 1102 435 1134 dacione
461 1114 630 1145 aquarum
656 1114 716 1146 per
741 1108 878 1146 tempus
904 1104 1053 1146 compoti
1078 1082 1129 1147 iiij
1160 1104 1184 1135 ἔ.
1211 1104 1235 1147 ij
1264 1102 1296 1136 d.
1357 1103 1406 1136 Et
1440 1105 1561 1136 alloca-

294 1187 351 1214 tur
377 1184 588 1225 compotanti
615 1184 652 1216 in
683 1184 894 1227 empcionem
922 1188 1073 1227 quatuor
1095 1184 1287 1216 celdrarum
1315 1184 1416 1216 calcis
1446 1184 1560 1227 precio

292 1262 364 1293 xlix
382 1264 406 1294 ἔ.
425 1241 474 1306 i‘i‘ij
494 1260 526 1295 d.
587 1262 636 1296 Et
669 1263 827 1307 cariagiis
858 1263 1076 1306 portantibus
1107 1263 1238 1296 easdem
1272 1263 1315 1296 ad
1349 1262 1556 1296 Dunkelden

290 1342 466 1375 conductis
483 1344 531 1387 xlj
552 1346 575 1375 ἔ.
594 1343 618 1387 ij
638 1341 670 1376 d.
722 1342 771 1376 Et
788 1355 850 1386 pro
868 1344 1034 1376 mixtione
1051 1342 1249 1388 hujusmodi
1267 1343 1366 1376 calcis
1385 1344 1431 1388 xij
1451 1341 1483 1376 d.
1510 1342 1558 1376 Et

289 1423 454 1456 allocatur
480 1424 589 1456 eidem
617 1424 654 1456 in
679 1424 890 1467 empcionem
917 1425 1065 1457 duorum
1090 1422 1136 1457 lie
1161 1422 1331 1469 cmpallis
1356 1424 1399 1456 ad
1417 1424 1557 1456 veredos

308 1480 331 1493 ω

287 1580 336 1614 Et
354 1583 521 1616 allocatur
538 1584 647 1615 eidem
665 1583 701 1615 in
720 1584 930 1626 empcionem
950 1585 1106 1617 undecim
1125 1584 1292 1617 librarum
1311 1583 1382 1616 cebi
1402 1583 1443 1615 ad
1462 1583 1553 1616 miti-

285 1663 415 1706 gandos
428 1663 548 1696 umbos
560 1664 720 1696 redarum
735 1674 795 1706 per
809 1668 944 1707 tempus
957 1665 1105 1708 compoti
1122 1665 1159 1709 iij
1180 1667 1204 1696 ἔ.
1216 1665 1252 1696 ix
1265 1661 1297 1696 d.
1324 1663 1374 1696 Et
1387 1664 1553 1696 allocatm·

286 1743 393 1775 eidem
423 1754 484 1786 pei·
504 1744 741 1777 liberacionem
761 1744 888 1777 factam
913 1746 1014 1778 certis
1033 1745 1167 1788 equinis
1191 1744 1350 1788 cariagiis
1375 1743 1551 1776 conductis

284 1834 346 1865 pro
363 1824 522 1856 ductione
540 1824 610 1856 feni
629 1824 767 1868 Georgij
787 1824 1054 1869 Abbercrumby
1071 1826 1115 1858 ad
1135 1824 1222 1857 Litil
1244 1824 1452 1857 Dunkelden
1470 1824 1503 1867 vj
1524 1826 1548 1855 ἒ.

283 1904 316 1947 xj
336 1902 368 1936 d.
419 1904 468 1937 Et
485 1906 651 1938 allocatur
668 1906 777 1938 eidem
795 1916 856 1948 per
872 1905 1112 1939 liberacionem
1130 1905 1256 1938 factam
1274 1904 1296 1936 J
1299 1904 1426 1937 ohanni
1444 1903 1547 1948 Rogy

281 1988 314 2016 et
332 1986 407 2017 aliis
431 1985 564 2018 duobus
587 1986 805 2030 garcionibus
832 1985 941 2019 secum
967 1987 1142 2019 conductis
1167 1996 1230 2029 pro
1256 1984 1465 2018 confectione
1488 1982 1543 2015 sex

1023 2045 1046 2057 ΟΥ

279 2064 458 2096 corborum
482 2075 686 2108 magnorum
715 2076 778 2107 pro
807 2063 956 2109 passagio
973 2066 1070 2109 xxiiij
1090 2066 1114 2097 ἔ.
1172 2064 1222 2097 Et
1249 2075 1311 2107 pro
1338 2063 1544 2096 correctione
