1837 2698
642 299 802 331 PONTIS
825 299 1189 332 DUNKELDENSIS.
1478 305 1542 335 131

317 406 548 440 EXPENSE
571 407 721 452 ejusdem
760 408 802 442 In
820 410 941 452 primis
960 410 1127 443 allocatur
1145 409 1366 452 Compotanti
1385 419 1445 452 per
1462 408 1545 441 libe-

269 488 438 520 racionem
454 488 579 521 factam
595 488 786 522 willielmo
801 489 1037 534 Rodinghaim
1052 490 1202 535 Georgio
1214 489 1351 533 Bernys
1363 493 1398 521 et
1410 489 1544 522 Thome

269 566 463 601 Thomsone
488 547 618 613 aurigis
643 581 681 602 ac
703 570 778 602 aliis
798 571 833 602 in
853 571 1040 603 eorundem
1059 571 1142 603 locis
1160 571 1203 603 ad
1222 571 1436 603 voluntatem
1455 580 1546 602 com-

267 649 419 690 potantis
443 650 586 682 mutatis
609 661 670 692 per
694 654 830 693 tempus
854 651 1004 693 compoti
1028 662 1048 682 a
1070 648 1331 694 vigesimosexto
1349 651 1403 683 die
1421 647 1544 683 menfis

268 728 476 762 Novembris
493 728 656 763 inclusive
681 741 772 762 anno
790 735 847 763 *tw
866 732 900 763 vC
919 731 1174 773 decimoquinto
1193 731 1229 763 in
1247 731 1337 763 diem
1356 731 1544 763 decimum-

266 820 395 842 nonum
415 808 538 842 mensis
557 809 717 843 Octobris
735 808 899 842 inclufive
922 821 1012 843 anno
1031 815 1088 843 *tc*
1108 812 1141 843 v⁰
1159 809 1386 843 decimosexto
1411 811 1542 854 capien.

270 890 422 932 quolibet
440 901 501 933 per
519 901 648 922 annum
666 890 822 922 modium
837 890 966 922 farrine
985 891 1020 922 in
1038 889 1228 933 septimana
1245 894 1279 923 et
1292 891 1546 935 quinquaginta

270 967 392 1001 solidos
419 969 455 1000 in
482 980 573 1001 anno
598 969 647 1012 iiij
669 969 703 1001 li.
722 969 783 1012 xiij
805 971 829 1001 ἔ.
880 968 929 1002 Et
947 981 967 1001 a
985 970 1077 1001 dicto
1095 970 1320 1001 decimonono
1343 970 1398 1002 die
1422 968 1544 1003 meniis

270 1049 430 1082 Octobris
456 1047 625 1082 exclusive
656 1050 691 1082 in
718 1050 808 1082 diem
840 1049 1004 1093 presentis
1035 1051 1186 1093 compoti
1216 1048 1379 1083 inclufive
1411 1050 1545 1083 Thome

271 1130 388 1162 Sawer
418 1135 453 1163 et
478 1130 669 1162 &Villiehno
700 1130 936 1174 Rodinghaim
968 1131 1099 1174 aurigis
1130 1130 1346 1173 capientibus
1376 1135 1416 1163 ut
1445 1129 1548 1174 supra

269 1211 376 1254 xxxvj
398 1213 421 1242 Ξ.
441 1211 477 1254 iij
497 1208 529 1242 d.
581 1210 631 1243 Et
648 1211 815 1243 allocatur
833 1211 944 1243 eidem
962 1222 1023 1253 per
1040 1211 1282 1243 liberacionem
1305 1211 1431 1244 factam
1450 1211 1546 1244 Wal-

269 1296 342 1324 tero
360 1290 438 1323 Duf
456 1292 672 1333 carpentario
690 1302 752 1334 pro
771 1290 981 1324 confectione
999 1291 1117 1323 axium
1136 1291 1313 1324 Redarum
1330 1303 1392 1334 per
1409 1296 1546 1335 tempus

269 1372 418 1414 compoti
437 1371 484 1415 vij
506 1374 529 1403 ἔ,
548 1382 571 1403 x
589 1369 622 1403 d.
673 1371 723 1404 Et
746 1371 923 1414 Stephano
947 1370 1119 1415 Lindesay
1136 1383 1199 1415 pro
1217 1372 1378 1405 ductione
1396 1373 1544 1405 duorum

270 1452 417 1484 millium
442 1456 579 1484 centum
603 1456 637 1484 et
659 1456 809 1495 quatuor
833 1463 977 1484 onerum
1001 1463 1185 1485 arenarum
1211 1463 1272 1495 per
1294 1453 1384 1486 idem
1408 1457 1545 1496 tempus

1355 1511 1379 1523 ΟΧ·

269 1622 292 1643 x
309 1609 342 1644 d.
393 1611 443 1644 Et
466 1612 633 1644 allocatur
656 1612 765 1644 eidem
790 1612 827 1644 in
852 1612 1064 1655 empcionem
1083 1617 1233 1655 quatuor
1250 1613 1443 1645 celdrarum
1462 1613 1546 1646 duo-

270 1692 379 1724 decim
404 1692 575 1724 bollarum
598 1696 632 1724 et
655 1693 759 1724 unius
777 1692 883 1736 modij
900 1703 1089 1725 avenarum
1108 1694 1151 1726 ad
1170 1694 1311 1726 veredos
1331 1694 1417 1737 varij
1437 1694 1542 1738 precij

268 1772 316 1815 xij
336 1772 371 1803 li.
389 1772 425 1803 ix
438 1769 471 1804 d.
514 1771 564 1804 Et
581 1773 617 1804 in
635 1772 847 1814 empcionem
865 1776 941 1804 octo
959 1772 1129 1805 bollarum
1147 1770 1193 1805 lie
1210 1771 1298 1805 bran
1315 1785 1378 1816 pro
1396 1773 1544 1816 panibus

269 1851 442 1895 pinsandis
461 1853 600 1884 verudis
624 1863 685 1894 per
702 1857 838 1894 tempus
857 1853 1007 1895 compoti
1026 1853 1084 1896 xvj
1105 1856 1128 1885 ἔ.
1181 1853 1230 1886 Et
1249 1855 1415 1887 allocatur
1432 1855 1542 1887 eidem

267 1933 303 1965 in
322 1933 535 1975 empcionem
549 1933 782 1976 quadraginta
799 1931 925 1975 septem
945 1930 991 1965 lie
1009 1930 1180 1965 harrowz's
1192 1934 1372 1977 virgarum
1390 1945 1454 1977 pro
1471 1933 1543 1979 ges-

265 2013 380 2045 tandis
399 2012 570 2055 lapidibus
586 2013 675 2045 circa
693 2016 832 2055 pontem
852 2024 913 2055 per
930 2017 1067 2056 tempus
1086 2014 1235 2056 compoti
1254 2014 1314 2059 viij
1335 2016 1358 2047 ἕ.
1378 2026 1401 2047 v
1417 2013 1450 2048 d.
1493 2015 1541 2049 Et

266 2093 301 2125 in
316 2093 527 2137 empcionem
547 2094 654 2126 trium
673 2091 719 2126 lie
736 2091 909 2126 bellebras
926 2094 969 2126 ad
984 2095 1132 2127 verudos
1146 2095 1179 2139 vj
1197 2096 1220 2126 ἔ.
1239 2106 1302 2138 pro
1317 2106 1387 2128 una
1397 2096 1542 2140 chopeta
