1837 2698
287 296 333 331 92
608 287 866 322 COMPOTUM
887 287 1111 319 MAGISTRI
1131 286 1325 319 FABRICE

287 400 421 434 sextum
452 399 539 432 Maii
569 399 726 443 proxime
754 402 882 431 extunc
908 397 1069 430 futurum
1100 397 1135 442 vj
1162 399 1186 430 ἔ.
1215 396 1266 442 iiij
1293 394 1327 430 d.
1376 395 1426 430 Et
1451 396 1563 430 eidem

289 480 425 514 Thome
442 480 479 513 in
496 479 596 513 feodo
613 478 673 512 suo
690 479 821 522 capien.
839 478 1073 522 quadraginta
1088 476 1213 511 solidos
1236 477 1417 511 annuatim
1441 488 1462 510 a
1478 475 1565 511 festo

290 559 531 595 Penthecostes
551 561 587 593 in
612 570 702 593 anno
720 559 851 592 domini
872 556 1051 591 millesimo
1068 555 1343 602 quingentesimo
1361 558 1565 591 duodecimo

291 644 326 676 in
344 640 470 675 festum
488 641 605 674 Sancti
623 640 769 673 Mertini
786 640 823 672 in
840 650 939 683 yeme
957 639 994 672 in
1011 649 1102 672 anno
1116 639 1248 672 domini
1266 636 1448 672 millesimo
1465 640 1567 683 quin-

291 720 478 767 gentefimo
496 722 627 755 decimo
645 721 749 754 tertio
766 718 865 753 solut.
883 731 945 763 per
970 723 1226 763 compotantem
1243 718 1281 763 iij
1301 718 1338 752 li.
1389 718 1439 752 Et
1456 719 1567 751 eidem

292 814 312 836 a
324 803 428 837 tertio
446 801 657 846 Septembris
675 801 759 834 anni
776 801 922 844 predicti
936 798 1204 845 quingentesimi
1218 799 1413 833 duodecimi
1426 798 1463 832 in
1477 799 1568 832 diem

292 883 459 937 presentis
478 884 628 928 compoti
651 880 816 916 inclusive
833 883 869 916 in
895 880 942 915 lie
957 880 1094 926 clymzer
1111 886 1145 915 et
1166 878 1408 924 nmgsclzanlcis
1432 879 1569 914 absente

294 966 447 1000 Domino
465 966 498 1010 vj
518 968 543 998 ἔ.
558 965 618 1010 viij
638 962 672 998 d.
716 963 766 997 Et
783 965 951 997 allocatur
968 963 1080 996 eidem
1097 973 1159 1006 pet·
1176 962 1418 996 liberacionem
1442 961 1569 995 factam

296 1047 447 1080 'Domino
460 1045 642 1079 Anthonio
655 1045 852 1078 M‘Dowale
870 1044 994 1077 rectori
1012 1044 1054 1077 de
1073 1043 1369 1076 Kilmawewnoth
1387 1053 1408 1076 a
1424 1041 1571 1076 secundo

297 1128 352 1160 die
386 1125 510 1160 mensis
544 1126 757 1170 Septembris
787 1126 870 1158 anni
897 1130 956 1158 *tc*
983 1126 1016 1157 vc
1041 1124 1236 1157 duodecimi
1265 1123 1302 1156 in
1327 1123 1570 1156 duodecimum

295 1208 382 1241 Julii
408 1208 490 1241 anni
513 1213 570 1240 ‘te'
595 1209 628 1240 vc
649 1206 772 1240 decimi
795 1206 891 1239 tercii
913 1205 1086 1238 laboranti
1110 1215 1189 1238 cum
1212 1202 1273 1237 suo
1296 1203 1393 1237 servo
1414 1204 1504 1237 circa
1525 1200 1573 1236 lie

297 1286 476 1322 Bulwarlv
502 1285 652 1321 centreis
684 1291 718 1320 et
744 1283 915 1319 brandeir
944 1286 1073 1329 capien.
1101 1296 1164 1329 per
1193 1285 1285 1318 diem
1315 1284 1359 1318 ad
1386 1284 1573 1328 prandium

297 1370 497 1403 eorumdem
523 1367 660 1402 absente
685 1368 837 1401 Domino
864 1366 1127 1411 quatuordecim
1155 1366 1314 1399 denarios
1336 1365 1518 1398 extenden.
1536 1365 1573 1398 in

299 1452 398 1484 totali
422 1450 556 1484 summa
580 1450 624 1483 ad
657 1454 797 1483 centum
822 1449 1078 1493 quinquaginta
1111 1452 1188 1481 octo
1223 1447 1296 1479 dies
1322 1446 1503 1479 extenden.
1538 1445 1575 1478 in

300 1531 446 1574 pecunia
462 1530 506 1562 ad
523 1530 560 1562 ix
572 1530 608 1562 li.
623 1508 672 1574 iiij
690 1532 714 1562 ἔ.
733 1528 782 1573 iiij
799 1526 832 1561 d.
875 1527 925 1561 Et
942 1529 1111 1561 allocatur
1128 1527 1238 1560 eidem
1252 1536 1314 1569 per
1332 1525 1576 1558 liberacionem

300 1612 427 1644 factam
457 1610 614 1643 VValtero
638 1609 790 1653 Wrycht
819 1607 916 1642 servo
945 1609 1029 1641 dicti
1060 1607 1202 1640 Domini
1228 1605 1400 1639 Anthonii
1431 1606 1474 1638 ad
1504 1605 1578 1649 ejus

302 1702 434 1735 pannos
451 1688 515 1724 xx'j
535 1693 560 1723 ἓ.
612 1689 661 1723 Et
679 1691 847 1723 allocatur
864 1689 973 1722 eidem
992 1699 1054 1732 per
1071 1687 1313 1721 liberacionem
1330 1686 1458 1719 factam
1472 1684 1580 1718 Alex-

304 1773 412 1806 andro
430 1772 627 1805 M⁰Dowale
650 1771 867 1814 carpentario
890 1770 1044 1802 laboran.
1062 1779 1140 1802 cum
1168 1768 1307 1801 Thoma
1323 1766 1473 1810 Wrycht
1492 1767 1581 1799 circa

304 1852 349 1886 lie
378 1850 557 1885 Bulwarlc
587 1852 631 1885 ad
662 1849 788 1894 septem
823 1849 1031 1894 septimanas
1062 1849 1194 1893 capien.
1220 1849 1257 1882 in
1286 1847 1477 1892 septimana
1506 1852 1583 1880 octo

305 1933 427 1967 solidos
452 1933 633 1966 extenden.
665 1932 702 1964 in
725 1932 870 1975 pecunia
893 1932 937 1964 ad
960 1930 997 1975 iij
1017 1931 1052 1963 li.
1080 1931 1113 1975 vj
1134 1932 1159 1963 ἔ.
1177 1930 1238 1974 viij
1257 1926 1290 1963 d.
1341 1927 1392 1961 Et
1417 1928 1583 1960 allocatur

306 2014 416 2047 eidem
435 2025 496 2057 per
513 2013 756 2046 liberacionem
775 2011 903 2045 factam
920 2011 942 2044 J
945 2011 1074 2045 ohanni
1094 2010 1245 2055 Wrycht
1259 2009 1296 2043 in
1310 2009 1434 2053 Megiu
1448 2018 1585 2050 compo-

308 2105 384 2128 nen.
402 2095 471 2129 tria
487 2095 585 2139 paria
601 2098 758 2128 rotarum
776 2098 811 2127 et
828 2093 958 2136 capien.
976 2093 1019 2126 de
1036 2092 1092 2125 die
1109 2091 1262 2126 Domino
1287 2089 1424 2124 absente
1441 2087 1584 2122 sedecim
