1837 2698
281 307 348 338 118
562 301 817 334 COMPOTUM
838 301 1060 333 MAGISTRI
1083 302 1277 333 FABRICE

282 413 423 456 cariagii
441 409 597 445 fimiliter
609 416 744 455 portari.
759 411 884 443 calcem
902 422 964 454 per
981 411 1072 443 idem
1090 416 1226 454 tempus
1245 411 1342 455 xlviij
1360 413 1384 443 ἔ.
1403 421 1426 442 x
1443 408 1476 442 d.
1504 409 1553 442 Et

281 493 448 525 allocatur
461 493 570 525 eidem
589 502 650 535 per
667 491 908 524 liberacionem
926 491 1053 524 factam
1071 495 1222 535 quatuor
1239 491 1398 535 cariagiis
1416 495 1552 533 portan.

281 573 444 606 carbones
467 584 487 605 a
505 572 629 604 Pertht
655 572 698 604 ad
716 571 947 605 Dounkelden
989 570 1042 604 Ac
1065 571 1143 604 Fud
1170 576 1204 604 et
1222 571 1353 604 Catour
1378 568 1483 603 miffis
1511 571 1553 603 ad

281 653 406 686 Dunde
429 664 492 695 pro
515 651 721 685 carbonibus
740 653 764 696 ij
785 655 808 684 ἔ.
826 652 861 696 xj
882 653 913 684 d.
965 651 1014 684 Et
1039 653 1206 684 allocatur
1223 651 1334 684 eidem
1352 652 1387 683 in
1405 652 1554 694 empcio-

280 744 357 766 nem
372 737 448 766 octo
461 733 630 765 librarum
644 732 716 765 cebi
730 733 774 765 ad
788 732 985 776 mittigand.
999 732 1122 765 umbos
1136 732 1297 764 redarum
1311 731 1334 775 ij
1355 734 1379 764 ἒ.
1395 731 1428 774 vj
1445 729 1477 763 d.
1504 729 1552 763 Et

278 815 444 847 allocatur
462 814 572 846 eidem
598 814 634 846 in
660 813 871 856 empcionem
898 813 1046 846 duarum
1073 813 1235 845 cellarum
1263 812 1462 856 biginarum
1488 822 1551 854 pro

279 895 417 927 verudis
436 899 469 927 et
487 894 696 926 correctione
717 894 820 926 unius
843 893 984 936 antique
1010 894 1091 925 celle
1117 893 1177 936 viij
1199 890 1231 924 d.
1283 890 1334 925 Et
1351 892 1388 924 in
1406 891 1553 936 empcio-

277 987 355 1008 nem
382 975 535 1019 quinque
559 974 740 1017 ciphorum
763 972 1029 1006 sementinorum
1049 984 1072 1006 x
1089 971 1122 1005 d.
1174 972 1223 1005 Et
1247 973 1416 1005 allocatur
1440 973 1549 1005 eidem

276 1067 337 1099 per
361 1055 572 1098 empcionem
597 1054 703 1086 trium
736 1052 969 1096 capestrorum
997 1053 1174 1086 deliberat.
1206 1052 1342 1096 Bernys
1369 1052 1430 1084 uni
1458 1053 1551 1085 auri-

275 1147 398 1181 garum
416 1146 480 1178 pro
497 1134 625 1178 quibus
639 1132 856 1176 respondebit
874 1134 910 1177 iij
928 1136 952 1165 ἔ.
982 1132 1032 1166 Et
1045 1144 1108 1176 pro
1122 1133 1357 1165 excoriacione
1368 1131 1550 1165 calsatione

275 1215 541 1248 decorticacione
564 1214 662 1257 pellis
686 1215 757 1257 lyn.
786 1214 865 1257 equi
895 1224 957 1256 pro
984 1213 1119 1256 pephiis
1150 1213 1361 1245 verudorum
1385 1211 1549 1244 faciendis

273 1297 345 1340 xvij
361 1294 393 1329 d.
444 1295 494 1329 Et
516 1307 578 1339 pro
600 1294 812 1328 confectione
835 1293 1034 1339 hujusmodi
1058 1295 1156 1338 pellis
1181 1295 1217 1327 in
1241 1294 1376 1327 duobus
1394 1291 1440 1326 lie
1455 1304 1550 1338 pan-

272 1373 373 1408 nellis
397 1377 561 1409 cellarum
588 1376 799 1408 verudorum
822 1375 934 1409 tribus
960 1373 1098 1419 postelis
1117 1379 1150 1408 et
1167 1375 1302 1408 duobus
1319 1372 1462 1419 fingulis
1486 1385 1548 1417 pro

271 1457 396 1500 quibus
415 1457 550 1500 Bernys
570 1460 603 1488 et
621 1456 739 1488 Sawer
756 1457 877 1500 aurige
895 1455 1149 1499 respondebunt
1166 1456 1215 1499 xij
1231 1453 1263 1488 d.
1315 1454 1364 1488 Et
1382 1456 1548 1488 allocatur

271 1538 379 1570 eidem
393 1549 454 1580 per
467 1537 709 1569 liberaeionem
723 1536 850 1569 factam
864 1537 961 1580 equis
974 1536 1166 1569 communis
1179 1536 1321 1579 cariagii
1340 1536 1382 1568 de
1396 1535 1545 1578 Capetht

271 1623 406 1661 portan.
430 1615 537 1650 reikis
558 1622 592 1650 et
604 1614 735 1660 flctikis
753 1617 796 1649 ab
814 1617 932 1649 eodem
949 1616 998 1660 xij
1018 1613 1050 1648 d.
1102 1615 1151 1648 Et
1168 1616 1336 1648 allocatur
1354 1616 1464 1648 eidem
1484 1627 1545 1658 per

270 1698 511 1731 liberacionem
540 1697 668 1730 factam
699 1697 829 1741 aurigis
861 1707 881 1729 a
910 1694 996 1729 festo
1026 1695 1194 1729 Omnium
1224 1695 1430 1728 Sanctorum
1460 1697 1541 1728 anni

271 1785 327 1812 Ἦν
346 1781 380 1811 vc
397 1776 462 1812 xv‘j
481 1779 518 1811 in
535 1776 659 1811 festum
683 1776 935 1821 purificacionis
953 1774 1139 1810 beatissime
1157 1775 1314 1820 Virginis
1333 1776 1445 1809 Marie
1462 1777 1542 1808 inde

1224 1835 1247 1847 οι

269 1859 402 1902 sequen.
427 1869 490 1901 pro
513 1857 662 1890 candelis
688 1857 732 1890 ad
758 1854 932 1889 stabulum
958 1856 1168 1889 verudorum
1194 1856 1244 1900 iiij
1265 1857 1289 1887 ἕ.
1311 1855 1358 1898 vij
1373 1866 1390 1898 3
1408 1853 1440 1887 d.
1494 1854 1539 1887 Et

268 1941 434 1973 allocatur
459 1939 568 1972 eidem
591 1939 628 1971 in
650 1938 862 1981 empcionem
880 1938 1033 1981 quinque
1051 1937 1252 1970 cadulorum
1270 1934 1539 1968 sementinorum

268 2021 354 2063 varij
374 2020 478 2064 preeij
500 2020 523 2064 ij
544 2021 568 2051 ἔ.
587 2019 647 2063 viij
667 2016 700 2051 d.
750 2017 798 2051 Et
818 2018 854 2050 in
876 2018 1085 2051 correctione
1105 2017 1292 2050 eorundem
1318 2027 1380 2059 per
1404 2020 1539 2058 tempus

269 2100 417 2143 compoti
436 2100 472 2143 iij
493 2102 518 2132 ἔ.
531 2099 591 2144 viij
607 2096 640 2132 d.
692 2097 740 2131 Et
761 2098 928 2131 allocatur
945 2098 1055 2131 eidem
1075 2108 1137 2140 per
1154 2096 1393 2130 liberacionem
1411 2095 1537 2128 factam
