1837 2698
304 311 374 344 100
573 308 835 340 COMPOTUM
856 308 1081 340 MAGISTRI
1103 308 1299 341 FABRICE

303 417 399 451 ordei
417 422 451 452 et
467 417 597 452 farrine
619 429 640 452 a
664 416 750 451 festo
775 417 893 451 Sancti
911 418 1057 452 Mertini
1079 418 1116 452 in
1138 419 1263 463 hyeme
1286 419 1368 452 anni
1386 422 1444 451 *tc*
1463 419 1497 451 ve
1509 415 1577 463 xjmi

302 498 339 532 in
356 499 448 532 idem
464 497 591 532 festum
609 498 727 532 Sancti
746 499 891 532 Mertini
906 500 988 532 anni
1006 503 1064 533 ’Ἶεοἡ
1082 501 1117 533 vc
1133 500 1195 545 xiij
1225 500 1405 533 extenden.
1423 499 1468 533 ad
1490 500 1577 533 duos

301 589 410 612 annos
440 580 588 622 demptis
613 578 812 624 hujusmodi
834 580 1043 613 victualibus
1064 580 1146 625 quia
1172 581 1364 614 allocantur
1388 580 1578 625 grauiterio

301 660 338 693 in
359 660 568 693 victualibus
595 661 709 704 precio
733 659 917 705 cujussibet
942 662 1031 694 bolle
1057 662 1208 695 dimedia
1232 672 1344 695 merce
1368 662 1406 694 in
1431 661 1578 704 pecunia

300 741 422 785 xxxvij
442 741 477 773 li.
497 742 530 786 vj
549 744 574 774 ἒ.
594 742 655 786 viij
676 739 708 774 d.
759 741 809 775 Et
832 743 1001 775 allocatur
1029 743 1140 775 eidem
1159 753 1221 785 per
1242 742 1486 775 liberacionem
1508 741 1578 774 fac-

299 825 371 854 tam
385 820 527 854 Andree
541 821 724 866 Marlyone
738 822 893 855 lathomo
911 833 989 855 cum
1008 821 1068 856 suo
1086 821 1182 855 servo
1199 833 1260 865 per
1278 832 1409 855 annum
1427 821 1576 864 demptis

299 901 473 945 aliquibus
495 902 616 936 diebus
642 913 706 945 pro
723 902 850 946 quibus
876 903 1052 947 obligatur
1071 903 1217 936 totidem
1243 902 1361 936 labore
1379 902 1467 935 citra
1489 902 1576 934 duas

297 982 406 1016 bollas
425 983 554 1016 farrine
575 981 637 1016 fibi
657 984 756 1017 datas
782 984 869 1017 citra
893 984 1034 1017 feodum
1059 984 1145 1028 xviij
1165 985 1200 1016 li.
1218 994 1241 1016 v
1258 986 1282 1016 ἔ.
1333 983 1383 1016 Et
1409 984 1576 1016 allocatur

297 1064 407 1097 eidem
425 1075 487 1107 per
500 1064 744 1097 liberacionem
755 1064 882 1097 factam
898 1064 920 1097 J
922 1064 1051 1097 ohanni
1062 1064 1202 1097 Andree
1215 1064 1370 1097 lathomo
1389 1068 1576 1107 antequam

295 1230 423 1257 extunc
437 1236 457 1257 a
469 1223 554 1258 festo
573 1225 742 1258 Omnium
760 1225 966 1258 Sanctorum
983 1226 1065 1258 anni
1080 1230 1138 1258 *tc*
1152 1227 1185 1258 vc
1196 1222 1264 1269 xj¹¹¹³
1278 1225 1316 1257 in
1333 1225 1425 1257 idem
1438 1221 1565 1256 festum

295 1316 386 1338 anno
402 1306 561 1339 revoluto
572 1306 609 1338 in
626 1306 817 1339 mercedem
830 1305 1038 1338 laborisxli.
1064 1305 1114 1338 Et
1132 1306 1242 1338 eidem
1260 1316 1323 1348 pro
1336 1315 1427 1338 anno
1438 1304 1575 1348 integro

295 1397 386 1419 anno
403 1390 532 1419 extunc
549 1386 747 1419 immediate
765 1385 899 1430 sequen.
918 1387 1120 1429 complendo
1133 1387 1170 1419 in
1183 1384 1269 1418 festo
1287 1385 1404 1418 Sancti
1420 1384 1565 1418 Mertini

294 1468 376 1500 anni
395 1472 453 1500 *tc*
471 1469 506 1500 vc
522 1468 584 1512 xiij
603 1468 651 1512 xij
672 1468 707 1500 li.
759 1467 809 1500 Et
829 1468 998 1500 allocatur
1023 1468 1132 1500 eidem
1158 1478 1219 1510 per
1236 1467 1478 1499 liberacionem
1497 1465 1567 1498 fac-

294 1552 366 1580 tam
379 1547 401 1580 J
404 1548 509 1581 acobo
526 1546 665 1591 Aysone
683 1545 730 1580 ῖίθ
743 1546 902 1593 prenteis
918 1548 955 1580 in
973 1548 1096 1591 pannis
1115 1547 1216 1580 feodo
1234 1551 1268 1579 et
1285 1547 1362 1579 aliis
1380 1543 1572 1578 necessariis

294 1638 333 1661 ac
358 1639 422 1671 pro
444 1639 564 1661 eorum
587 1626 814 1661 instructione
836 1628 872 1660 in
894 1632 967 1660 arte
991 1639 1011 1660 a
1034 1627 1166 1660 decimo
1189 1631 1311 1660 octavo
1332 1624 1456 1659 mensis
1483 1625 1570 1669 Maij

294 1709 377 1742 anni
395 1712 453 1741 *tc*
473 1710 508 1742 vc
519 1709 693 1741 undecimi
711 1709 748 1741 in
762 1707 909 1741 Annum
919 1708 1063 1741 Domini
1078 1713 1135 1741 *tc*
1150 1710 1184 1740 v‘
1200 1708 1263 1752 xiij
1284 1712 1318 1740 et
1334 1705 1460 1740 festum
1479 1706 1573 1739 Mer-

293 1790 358 1823 tini
381 1791 419 1822 in
435 1789 559 1833 hyeme
577 1788 729 1833 ejusdem
747 1790 829 1822 anni
847 1790 978 1832 capien.
1004 1800 1065 1832 per
1083 1799 1212 1822 annum
1232 1789 1275 1821 ad
1293 1799 1426 1831 pannos
1444 1787 1571 1831 viginti

293 1869 417 1903 solidos
431 1871 467 1903 in
485 1871 567 1903 totis
585 1867 741 1913 expensis
758 1880 821 1913 per
838 1869 970 1902 dictum
987 1873 1124 1912 tempus
1142 1869 1179 1913 iij
1199 1869 1235 1902 li.
1253 1847 1303 1912 isi]
1324 1871 1349 1901 ἔ.
1367 1847 1417 1912 fiij
1437 1865 1470 1900 d.
1521 1865 1571 1899 Et

293 1952 461 1984 allocatur
488 1951 599 1984 eidem
628 1962 689 1994 per
716 1951 958 1984 liberacionem
982 1949 1109 1983 factam
1135 1948 1289 1981 Johanni
1315 1948 1441 1991 Diykis
1467 1947 1567 1980 alteri

293 2029 339 2064 lie
351 2030 518 2076 prenteis
536 2032 686 2075 capienti
709 2032 745 2064 in
763 2043 854 2065 anno
871 2035 913 2064 ut
929 2029 1094 2075 Aysoune
1112 2030 1199 2063 citra
1215 2029 1366 2062 firlotam
1383 2028 1511 2061 ferrine
1534 2028 1570 2060 in

292 2111 393 2145 feodo
410 2112 469 2146 suo
488 2124 508 2146 a
529 2112 652 2155 quinto
668 2110 823 2157 Augusti
841 2112 924 2145 anni
943 2116 1001 2144 ‘1:0⁴
1016 2112 1051 2144 vc
1068 2111 1105 2155 xj
1125 2111 1161 2144 in
1179 2110 1271 2143 diem
1288 2108 1406 2142 Sancti
1425 2107 1568 2141 Mertini
