1837 2698
264 301 332 332 104
546 299 808 332 COMPOTUM
830 300 1057 332 MAGISTRI
1078 300 1276 332 FABRICE

262 407 417 450 lapidum
438 409 626 441 muralium
649 409 692 441 ad
714 420 800 452 opus
823 410 939 453 pontis
963 420 1042 443 cum
1062 407 1267 453 quibusdam
1285 411 1375 443 circa
1391 409 1536 443 chorum

263 486 396 521 ecclefie
414 488 623 522 Dunkelden
640 490 684 522 ad
702 489 816 523 oriens
836 494 870 523 et
887 489 1027 523 boream
1046 491 1166 524 locatis
1178 495 1212 524 et
1223 491 1300 524 aliis
1317 489 1438 524 subtus
1452 490 1540 523 Tul-

263 569 397 612 lymuly
422 580 530 613 prope
556 574 745 603 torrentem
771 570 831 615 viij
856 571 892 603 li.
912 571 960 616 xij
981 573 1006 604 ἔ.
1024 571 1058 615 vj
1078 569 1112 604 d.
1156 570 1205 604 Et
1232 571 1398 604 allocatur
1427 571 1537 603 eidem

262 659 324 690 per
345 649 558 692 empcionem
581 650 725 693 pellium
749 650 955 695 equinarum
980 651 1208 684 vitulinarum
1231 655 1265 683 et
1282 651 1430 684 aliarum
1449 662 1487 684 ac
1504 651 1541 683 in

262 729 452 761 mercedem
475 729 603 763 laboris
627 728 783 763 sutorum
807 731 887 764 inde
904 730 1106 764 facientium
1123 731 1261 774 piphias
1279 741 1318 763 ac
1338 729 1384 763 lie
1396 729 1541 774 Noppis

263 812 297 842 et
314 810 557 843 correctionem
578 810 778 854 piphiarum
797 822 858 855 per
875 816 1013 855 tempus
1031 811 1181 855 compoti
1203 811 1302 856 xlviij
1323 814 1348 844 ἔ.
1366 822 1390 844 x
1406 809 1439 844 d.
1491 810 1540 844 Et

262 890 429 924 allocatur
442 890 552 923 eidem
570 902 632 934 per
645 893 858 935 empcionem
876 890 1086 935 postelarum
1105 896 1140 925 et
1156 890 1203 924 lie
1218 890 1324 925 Polis
1338 892 1381 925 ad
1397 892 1540 925 veredos

262 982 324 1014 per
346 975 483 1015 tempus
505 973 655 1015 compoti
679 972 712 1016 vj
737 975 761 1004 ἔ.
784 973 844 1017 viij
868 970 902 1005 d.
954 972 1003 1006 Et
1028 973 1196 1006 allocatur
1222 973 1332 1006 eidem
1357 984 1419 1016 per
1445 983 1539 1016 emp-

264 1052 395 1086 cionem
417 1052 535 1096 pabuli
556 1053 599 1086 ad
623 1054 765 1086 veredos
789 1064 850 1096 per
873 1058 1010 1097 tempus
1034 1054 1184 1097 compoti
1208 1064 1357 1086 unacum
1384 1050 1538 1096 expenfis

264 1133 484 1175 portantibus
509 1133 599 1166 idem
625 1134 667 1166 ad
691 1134 834 1166 veredos
858 1144 919 1176 per
941 1134 1034 1166 idem
1057 1138 1194 1177 tempus
1218 1134 1368 1177 compoti
1385 1133 1493 1177 xxxvj
1514 1135 1538 1165 ἓ.

265 1213 310 1256 vij
342 1211 375 1245 d.
449 1212 498 1246 Et
528 1214 695 1246 allocatur
725 1214 835 1246 eidem
865 1224 926 1257 per
955 1214 1198 1247 liberacionem
1230 1214 1357 1247 factam
1387 1213 1538 1246 Domino

268 1293 410 1338 Hugoni
429 1293 525 1338 Gray
542 1293 694 1337 prefecto
713 1294 824 1337 operis
842 1294 884 1327 de
901 1294 1065 1327 mandato
1083 1295 1214 1327 domini
1234 1295 1279 1327 ad
1295 1305 1428 1337 pannos
1445 1291 1498 1326 xltj
1513 1297 1536 1325 ἔ.

266 1374 313 1407 Et
340 1374 491 1408 Domino
516 1375 646 1408 Jacobo
675 1373 877 1408 Henderson
903 1376 1002 1408 alteri
1027 1375 1179 1419 prefecto
1202 1375 1314 1418 operis
1337 1386 1400 1418 pro
1421 1374 1540 1407 tabula

264 1454 324 1488 sua
345 1466 406 1498 per
428 1455 618 1489 absenciam
642 1456 773 1488 domini
791 1460 825 1488 et
842 1460 978 1499 tempus
997 1456 1147 1499 compoti
1166 1456 1199 1500 vj
1220 1455 1255 1487 li.
1275 1465 1297 1487 v
1315 1457 1339 1487 s.
1391 1454 1441 1488 Et
1458 1455 1540 1487 allo-

265 1540 362 1569 catm·
379 1537 490 1569 eidem
508 1548 568 1580 per
586 1537 797 1579 empcionem
816 1537 860 1569 ad
878 1536 1019 1569 veredos
1043 1537 1085 1569 de
1108 1536 1218 1580 xxviij
1225 1533 1441 1578 stlzailm‘llis
1459 1535 1541 1567 deli-

265 1616 390 1649 beratis
416 1613 546 1649 custodi
572 1616 609 1648 in
635 1614 740 1649 estate
765 1594 839 1659 xfirij
868 1613 901 1647 d.
952 1597 1002 1648 Et
1030 1626 1092 1659 per
1117 1615 1329 1658 empcionem
1359 1615 1466 1648 trium
1494 1613 1541 1646 lie

269 1695 386 1729 Sewis
403 1697 446 1729 ad
463 1696 702 1729 mundandum
720 1706 860 1729 arenam
880 1695 941 1740 xiij
961 1693 994 1728 d.
1044 1694 1095 1728 Et
1119 1706 1181 1738 per
1198 1695 1409 1738 empcionem
1427 1693 1542 1739 smyg-

264 1777 367 1809 matis
385 1780 420 1809 et
436 1775 575 1810 sulfuris
593 1777 636 1810 ad
662 1787 790 1820 equum
811 1781 973 1810 vocatmn
1000 1774 1084 1809 blak·
1103 1776 1228 1809 tou-ris
1244 1774 1430 1808 scabiosum
1454 1777 1488 1819 xj
1508 1774 1541 1808 d.

266 1856 314 1889 Et
331 1868 392 1900 per
410 1858 622 1900 empcionem
635 1861 785 1900 quatuor
805 1856 1025 1901 liestvippis
1039 1858 1082 1890 ad
1095 1857 1284 1900 querellam
1302 1857 1415 1899 precio
1430 1857 1540 1889 omni-

267 1947 325 1969 um
342 1915 417 1981 xcitiij
436 1934 469 1969 d.
520 1935 570 1969 Et
587 1937 697 1969 eidem
714 1947 775 1980 per
792 1937 1004 1980 empcionem
1021 1934 1282 1970 necessariorum
1300 1936 1344 1968 ad
1367 1934 1538 1969 stabulum

267 2016 472 2050 veredorum
488 2017 524 2050 in
541 2016 751 2050 Dunkelden
767 2028 830 2060 pro
853 2017 966 2060 primo
987 2028 1077 2050 anno
1094 2021 1130 2050 et
1147 2027 1266 2050 eorum
1284 2013 1438 2060 expenfis
1463 2014 1542 2048 mis-

267 2095 381 2130 sorum
399 2098 441 2130 ad
459 2096 585 2131 Pertht
601 2108 664 2140 pro
682 2097 897 2141 imponendis
914 2097 1014 2130 ferris
1032 2096 1132 2141 super
1148 2098 1234 2131 rotis
1251 2097 1412 2131 redarum
1426 2096 1498 2140 xvij
1515 2099 1543 2129 ἔ
