1837 2698
257 295 302 328 62
431 293 569 324 VITAE
591 292 920 325 EPISCOPORUM
941 292 1348 324 DUNKELDENSIUM.

255 403 444 446 parochiali
462 403 580 436 Sancti
597 402 769 441 Andreae,
788 407 822 436 et
839 403 907 436 alia
930 403 1040 435 multa
1064 403 1236 435 virtutum
1262 413 1374 446 opera.
1426 402 1528 435 Man-

256 481 382 516 fionem
400 483 550 528 ejusdem
568 484 792 528 praebendae,
811 481 978 527 Magister
996 482 1169 516 Robertus
1188 482 1334 517 Boswell
1352 482 1527 516 succentor

256 563 395 597 honeste
412 565 596 608 reparavit.

305 806 734 841 PRAEBENDARIUS
752 810 793 841 de
812 808 942 846 Ruffin,
961 808 1121 841 dominus
1140 806 1295 840 Thomas
1321 806 1431 850 Lyne,
1449 807 1528 840 licet

256 889 436 921 minimam
458 889 494 921 111
520 886 656 922 ecclefia
681 889 878 922 obtinuerat
904 889 1146 932 praebendam,
1172 888 1385 921 domicilium
1412 893 1528 921 tamen

255 968 386 1012 semper
399 968 548 1007 fovebat,
562 972 596 1001 et
610 969 774 1002 victualia
791 969 1001 1012 pauperibus
1013 969 1110 1012 larga
1121 979 1228 1000 manu
1241 966 1428 1001 distribuit.
1454 967 1529 1000 An—

256 1050 481 1083 niversarium
508 1054 713 1093 perpetuum
740 1049 913 1087 fundavit,
940 1060 979 1082 eo
1000 1050 1075 1093 jam
1101 1046 1291 1092 superstite,
1318 1049 1411 1081 omni
1438 1059 1528 1081 anno

256 1132 384 1174 optime
412 1142 473 1174 per
501 1131 596 1163 chori
624 1130 767 1163 vicarios
795 1130 1040 1163 observatum:
1074 1130 1129 1162 cui
1156 1127 1335 1162 succedens
1362 1127 1529 1173 Magister

256 1211 370 1244 David
397 1211 579 1255 VVauchop
604 1212 639 1243 in
661 1212 805 1244 decretis
832 1211 1039 1249 licentiatus,
1065 1209 1221 1243 mansum
1248 1221 1269 1242 a
1289 1210 1528 1243 fundamentis

255 1290 469 1331 construxit3
497 1293 606 1325 multa
625 1292 714 1325 bona
732 1303 845 1336 opera,
863 1296 903 1325 ut
919 1290 1086 1335 speratur,
1105 1289 1129 1324 fi
1148 1291 1286 1331 vixerit,
1305 1291 1471 1324 facturus.

304 1534 730 1569 PRAEBENDARIUS
744 1535 896 1579 Cragyn,
915 1533 1081 1579 Magister
1095 1534 1117 1566 J
1120 1534 1271 1567 ohannes
1287 1534 1425 1579 Young,
1440 1536 1530 1568 vica-

256 1618 328 1649 rius
342 1617 383 1649 de
395 1616 522 1655 Drone,
536 1620 569 1648 et
583 1613 828 1648 commissarius
844 1615 995 1648 officialis
1010 1614 1126 1648 Sancti
1141 1614 1301 1648 Andreae
1318 1616 1527 1659 principalis,

258 1698 311 1730 vir
328 1698 364 1730 in
386 1697 466 1741 jure
484 1697 646 1729 canonico
664 1696 870 1734 licentiatus,
896 1696 1052 1739 apprime
1070 1696 1203 1735 doctus,
1221 1701 1255 1729 et
1281 1697 1434 1740 optimus
1452 1703 1526 1730 tex-

259 1779 372 1817 tualis,
391 1778 445 1811 vir
461 1778 612 1811 multum
631 1776 779 1810 affabilis
798 1781 832 1809 et
850 1777 1009 1810 omnibus
1027 1777 1181 1810 dilectus.

309 2018 734 2053 PRAEBENDARIUS
745 2020 786 2052 de
798 2018 931 2063 Capeth
946 2019 1161 2059 Makcathill,
1173 2018 1340 2064 Magister
1350 2019 1372 2052 J
1375 2019 1526 2054 ohannes

264 2101 408 2141 Lacock,
431 2102 485 2134 vir
502 2098 689 2140 fidiffimus,
714 2101 862 2134 vicarius
884 2101 925 2133 de
953 2100 1085 2145 Megill,
1112 2101 1271 2135 omnibus
1288 2101 1458 2134 canonicis
1475 2112 1527 2134 re-
