1837 2698
260 298 306 333 94
550 294 807 326 COMPOTUM
828 294 1056 326 MAGISTRI
1077 294 1275 326 FABRICE

261 401 364 446 supra
374 403 435 447 xiij
449 405 473 436 ἓ.
510 402 560 437 Et
573 405 741 437 allocatur
755 404 866 437 eidem
877 404 915 436 in
928 401 1083 447 expensis
1094 404 1195 438 factis
1206 405 1297 438 circa
1307 403 1541 437 collectionem

263 483 474 516 decimarum
492 484 688 528 garbalium
711 485 753 517 de
772 484 962 528 Cardynes‚
982 483 1067 518 Litil
1086 484 1262 524 Dunkeld,
1281 484 1490 528 Inchewyne
1508 489 1542 517 et

265 563 445 607 Fandowy
468 564 504 596 in
526 563 632 597 Anno
652 563 796 597 Domini
814 565 854 609 j¹¹²
879 566 913 597 vc
936 566 996 598 xm
1018 569 1052 598 et
1076 576 1167 598 anno
1188 565 1261 610 ijo
1282 563 1329 598 lie
1350 575 1453 610 crope
1477 576 1501 598 x
1518 568 1542 598 ἒ.

261 644 276 686 j
295 641 327 676 d.
363 643 413 677 Et
430 645 598 678 allocatur
609 645 720 678 eidem
737 646 775 678 in
792 645 964 678 facturam
981 646 1142 679 undecim
1160 645 1341 679 traharum
1359 646 1402 679 ad
1420 646 1545 679 ducen-

268 724 328 756 das
351 725 501 757 decimas
523 726 694 768 predictas
713 726 755 758 de
772 736 877 771 crope
900 727 983 759 anni
1001 731 1059 759 *tc*
1079 727 1114 759 ve
1132 726 1207 770 xiij,
1225 726 1262 771 iij
1286 728 1311 759 ἔ.
1329 727 1389 771 viij
1409 724 1442 760 d.
1494 725 1545 759 Et

268 804 435 838 allocatur
459 806 569 838 eidem
594 806 632 839 in
657 804 813 850 expenfis
839 806 983 840 Domini
1009 806 1130 840 Jacobi
1159 805 1352 840 Henrisone
1377 811 1412 839 et
1436 806 1549 840 secum

269 884 474 919 servitorum
492 887 582 920 circa
598 887 695 932 ligna
711 886 849 920 fraxina
873 898 937 930 pro
961 887 1089 920 tabulis
1114 887 1157 920 ad
1179 885 1226 920 lie
1242 885 1443 933 Daweling
1466 888 1548 921 wol-

269 970 385 999 tarum
411 968 527 1010 pontis
551 968 613 1012 xlij
637 970 661 1000 ἔ.
711 967 762 1000 Et
787 968 955 1001 allocatur
978 968 1089 1001 eidem
1114 979 1176 1012 per
1198 968 1412 1012 empcionem
1437 968 1475 1001 in
1501 967 1548 1001 lie

270 1044 377 1091 drqff
391 1053 497 1091 empt.
520 1049 565 1081 ad
591 1049 738 1081 verudos
760 1048 803 1081 ab
826 1053 948 1082 octavo
965 1048 1053 1082 Julii
1075 1049 1158 1082 anni
1177 1054 1235 1082 *tc0
1254 1050 1290 1081 vc
1302 1046 1382 1093 xijnnj
1402 1049 1439 1081 in
1457 1049 1549 1082 diem

272 1126 476 1173 vigefimum
494 1129 647 1172 primum
671 1128 884 1172 Septembris
903 1128 1054 1174 ejusdem
1073 1130 1156 1163 anni
1175 1134 1210 1163 et
1227 1129 1271 1162 ab
1288 1129 1370 1162 hinc
1387 1140 1449 1172 per
1465 1127 1551 1162 esta-

274 1215 343 1243 tem
365 1210 431 1243 hoc
451 1221 542 1243 anno
560 1215 594 1243 et
617 1221 708 1243 anno
732 1215 790 1243 *tc*
809 1211 843 1243 vc
862 1210 923 1254 xiij
948 1211 984 1243 in
1011 1211 1103 1243 diem
1128 1210 1201 1255 xvij
1222 1207 1375 1254 Augusti
1399 1208 1551 1254 ejusdem

274 1291 356 1324 anni
375 1292 412 1324 in
429 1291 566 1324 defectu
589 1301 779 1324 avenarum
803 1291 875 1335 xxij
902 1293 926 1323 Ξ.
951 1301 974 1323 ν
997 1288 1030 1323 d.
1081 1290 1131 1324 Et
1157 1291 1326 1324 allocatur
1354 1290 1465 1323 eidem
1491 1301 1553 1333 per

275 1373 489 1416 empcionem
506 1383 673 1416 equorum
693 1372 905 1405 verudorum
923 1371 967 1404 ad
984 1372 1084 1405 redas
1102 1370 1161 1405 seu
1177 1371 1302 1416 bighas
1320 1375 1354 1404 et
1379 1371 1493 1414 primo
1511 1381 1553 1404 ex

277 1454 351 1487 foro
369 1450 606 1487 Dunblanenfi
633 1457 703 1486 tres
730 1453 809 1496 equi
832 1453 947 1496 precio
973 1451 1151 1486 tresdecim
1177 1451 1236 1485 lib.
1255 1456 1332 1485 octo
1348 1449 1443 1484 solid.
1462 1451 1500 1495 iij
1519 1448 1553 1483 d.

276 1534 327 1568 Et
356 1546 377 1568 a
401 1534 561 1568 ,Iohanne
591 1533 690 1566 Blair
712 1544 803 1566 unus
831 1544 941 1576 equus
965 1533 1079 1576 precio
1103 1533 1258 1576 quinque
1282 1531 1451 1565 librarum
1477 1537 1511 1564 et
1534 1543 1555 1565 a

277 1616 394 1649 David
411 1615 583 1658 Balbirny
599 1625 691 1647 unus
708 1621 818 1657 equus
843 1613 959 1657 precio
976 1614 1131 1657 quinque
1154 1623 1349 1645 mercarum
1368 1616 1402 1645 et
1428 1623 1449 1644 a
1465 1611 1556 1645 Wil-

277 1698 393 1731 lielmo
419 1695 500 1729 Scot
525 1695 594 1728 duo
624 1695 704 1738 equi
730 1694 845 1738 precio
872 1704 998 1727 novem
1026 1693 1197 1726 librarum
1220 1691 1278 1726 sex
1307 1690 1494 1726 solidorum
1521 1697 1556 1725 et

279 1783 355 1811 octo
372 1776 593 1810 denariorum
621 1780 654 1808 et
677 1786 699 1808 a
715 1775 907 1808 willielmo
932 1774 1008 1807 Seir
1026 1785 1119 1807 unus
1138 1784 1248 1818 equus
1273 1774 1389 1816 precio
1406 1777 1557 1816 quatuor

277 1859 446 1892 librarum
470 1857 651 1891 extenden.
675 1857 713 1890 in
736 1857 836 1890 totali
856 1857 1003 1900 pecunia
1020 1856 1064 1889 ad
1080 1866 1178 1889 xxxv
1195 1856 1230 1889 li.
1249 1856 1311 1889 xix
1328 1853 1363 1888 d.
1413 1854 1464 1888 Et
1480 1866 1557 1899 pre-

278 1938 503 1972 sentabantur
519 1949 581 1982 per
601 1936 753 1971 diversos
775 1938 856 1981 equi
879 1937 935 1983 vi3
956 1948 1020 1982 per
1040 1936 1233 1970 Dominum
1250 1935 1274 1969 J
1276 1936 1448 1970 ohannem
1467 1935 1556 1979 Tiry

280 2020 448 2053 vicarium
472 2020 513 2052 de
531 2018 743 2052 Crawmond
766 2029 856 2051 unus
883 2029 993 2062 equus
1013 2015 1117 2063 grofii
1141 2018 1265 2051 coloris
1288 2021 1323 2051 et
1348 2028 1411 2061 per
1435 2016 1558 2050 Domi-

279 2111 363 2134 num
382 2100 555 2134 Thomam
573 2098 681 2144 Greig
703 2099 971 2143 prebendarium
992 2100 1034 2132 de
1051 2097 1181 2143 Alytht
1206 2109 1298 2132 unus
1322 2108 1432 2143 equus
1461 2098 1553 2144 nigri
