1837 2698
629 309 794 341 PONTIS
816 309 1178 341 DUNKELDENSIS.
1474 315 1490 345 1
1497 315 1541 350 09

265 430 285 451 a
308 419 459 451 Domino
483 417 620 451 Thoma
638 418 745 464 Greig
767 419 995 462 prebendario
1018 420 1059 452 (le
1084 418 1213 463 Alytht
1236 419 1377 451 nomine
1400 418 1542 451 Domini

266 498 312 531 Et
335 499 376 531 de
400 509 423 530 v
440 499 474 531 li.
498 503 622 541 recept.
646 511 666 532 a
690 498 860 544 Magistro
881 499 1011 532 Jacobo
1034 499 1114 543 Lyn
1136 500 1275 532 nomine
1297 499 1440 532 Domini
1492 499 1541 532 Et

265 580 306 612 de
330 579 390 623 xiij
411 579 446 611 li.
465 579 498 622 vj
520 582 544 611 ἔ.
563 580 625 623 viij
645 577 677 611 d.
702 584 826 623 recept.
852 591 872 612 a
897 579 1047 612 Domino
1073 576 1241 613 Johanne’
1259 579 1377 623 Bryde
1404 581 1542 613 nomine

266 659 407 692 patricii
428 659 508 703 Hay
528 661 569 692 de
587 659 765 704 Eschindy
782 660 917 693 racione
935 659 992 693 sue
1010 660 1234 704 obligacionis
1253 661 1343 704 apud
1365 666 1440 694 acta
1458 661 1539 693 fact.

263 741 354 773 dicto
372 742 583 784 compotanti
601 739 796 774 ceffionario
814 741 957 773 Domini
976 741 1011 773 in
1029 740 1093 773 hac
1110 745 1209 784 parte
1253 740 1302 773 Et
1319 741 1362 773 de
1381 741 1458 773 aliis
1477 741 1538 785 xiij

263 821 296 852 li.
316 822 349 865 vj
371 824 394 853 ἔ.
414 821 474 865 viij
490 818 521 853 d.
542 826 667 864 recept.
688 821 730 853 ab
749 822 867 854 eodem
887 820 1038 853 Patricio
1056 821 1092 853 in
1111 821 1316 863 completam
1334 819 1540 853 solucionem

263 901 462 944 octuaginta
480 911 672 933 merc-arum
691 912 752 943 per
768 911 844 933 eum
860 900 1011 933 Domino
1026 900 1219 933 debitarum
1234 904 1268 933 et
1281 900 1410 933 fabrice
1424 902 1541 943 pontis

261 978 504 1025 affiguatarum
523 992 584 1021 per
606 992 730 1013 manus
753 981 870 1014 Dauid
894 980 1132 1025 Skrymgeour
1155 981 1196 1013 de
1220 980 1364 1024 Fardyll
1387 979 1541 1013 Domino

260 1066 293 1093 et
318 1062 528 1104 compotanti
552 1060 713 1094 satisfact.
765 1061 813 1094 Et
831 1062 871 1093 de
890 1072 937 1093 xx
955 1062 989 1093 li.
1008 1073 1029 1094 a
1052 1061 1190 1094 Decano
1208 1060 1441 1094 Dounkelden
1492 1060 1541 1094 Et

335 1119 358 1131 n?

262 1221 396 1254 Thoma
422 1221 529 1266 Greig
551 1222 779 1264 prebendario
803 1222 844 1254 de
867 1221 997 1265 Alytht
1047 1220 1096 1254 Et
1116 1222 1157 1253 de
1175 1222 1211 1265 iij
1232 1222 1268 1253 li.
1287 1221 1321 1265 vj
1342 1224 1365 1253 ἔ.
1385 1221 1445 1265 viij
1466 1220 1499 1254 d.
1518 1233 1537 1255 a

263 1300 430 1346 Magistro
453 1301 613 1334 Johanne
639 1302 755 1334 Lacok
782 1302 1008 1344 prebendario
1032 1302 1073 1334 de
1091 1301 1223 1344 Capeth
1275 1301 1324 1334 Et
1343 1302 1384 1334 de
1402 1300 1458 1334 xltj
1477 1305 1501 1334 ἔ.
1521 1313 1540 1335 a

262 1380 430 1426 Magistro
448 1382 564 1415 Dauid
582 1382 764 1426 lVauchop
782 1383 1009 1425 prebendario
1027 1383 1069 1415 de
1088 1382 1207 1415 Ruffiu
1258 1381 1307 1415 Et
1324 1383 1366 1415 de
1386 1379 1443 1415 xl‘J'
1458 1385 1482 1415 ἔ.
1496 1383 1539 1416 ab

260 1464 377 1496 eodem
399 1464 537 1497 nomine
554 1463 697 1497 Domini
715 1463 896 1496 willielmi
916 1463 1065 1496 Moncur
1088 1463 1305 1506 prebendarii
1323 1464 1364 1496 de
1384 1463 1541 1496 Lundeif

261 1543 308 1576 Et
333 1544 375 1576 de
394 1555 417 1576 x
435 1544 470 1576 li.
489 1548 614 1587 recept.
632 1543 676 1577 ab
693 1542 893 1576 Alexandro
911 1544 1043 1576 Lowell
1069 1545 1208 1577 nomine
1232 1542 1395 1588 Magistri
1418 1544 1440 1576 J
1443 1544 1537 1577 acobi

259 1623 419 1657 Fentoun
437 1625 647 1667 precentoris
666 1624 895 1657 Dounkelden

353 1703 498 1736 Summa
514 1704 624 1737 tocius
643 1704 755 1736 oneris
769 1704 799 1748 j⁰
815 1704 926 1747 xxxiij
947 1704 982 1736 li.
1001 1704 1077 1747 xiiij
1098 1706 1122 1736 ἔ.
1140 1715 1156 1747 3
1174 1702 1206 1736 d.

307 1942 539 1975 EXPENSE
565 1942 731 1988 Ejusdem
783 1943 825 1976 In
848 1944 970 1987 primis
994 1944 1161 1977 allocatur
1183 1945 1394 1988 compotanti
1416 1956 1477 1988 per
1495 1946 1535 1977 li-
1583 1952 1591 1960 ·

260 2024 475 2057 beracionem
494 2023 620 2056 factam
638 2024 728 2056 circa
745 2034 824 2056 axes
843 2025 886 2057 ad
903 2023 1027 2069 bighas
1045 2024 1081 2057 in
1100 2021 1184 2057 filva
1201 2024 1224 2068 ij
1241 2027 1265 2057 ἔ.
1304 2023 1354 2058 Et
1368 2025 1535 2058 allocatur

257 2097 364 2129 eidem
393 2097 430 2129 in
455 2096 685 2129 lucracionem
713 2101 747 2129 et
777 2096 975 2129 ductionem
1006 2097 1099 2129 mille
1129 2097 1356 2130 ducentorum
1388 2097 1533 2142 triginta

886 2185 905 2209 P
