1837 2698
361 306 500 337 VITAE
520 306 850 338 EPISCOPORUM
873 303 1282 337 DUNKELDENSIUM.
1426 307 1469 337 23

193 413 381 460 gentefimo
399 415 609 461 sexagesnno
627 422 762 461 quarto.
798 415 872 448 Nec
890 413 933 448 fic
950 413 1052 448 lassus
1073 425 1174 458 opere
1192 412 1317 450 sancto,
1336 423 1471 455 campa-

195 497 262 529 nile
289 496 462 536 fundavst,
482 498 605 541 quinto
625 498 757 536 Martii,
779 508 870 530 anno
889 496 1020 529 domini
1039 492 1219 529 millefimo
1237 494 1470 538 quadringen-

194 574 312 610 tefimo
323 576 531 622 lexagefimo
543 588 649 617 n0n03
669 583 703 611 et
717 578 951 611 continuando
965 588 1052 620 opus
1065 577 1100 609 in
1116 577 1236 614 altum,
1252 580 1292 608 ut
1306 575 1470 612 cernitur,

194 656 395 692 construxit.
408 658 457 691 Et
468 656 625 692 fimiliter
636 660 778 692 totalem
789 659 930 691 domum
943 659 1180 701 capitularem,
1193 658 1247 690 die
1259 657 1391 689 decimo
1403 661 1471 689 ter-

192 740 241 771 tio
259 739 486 772 kalendarum
503 739 648 783 Aprilis,
667 751 758 772 anno
776 740 907 772 domini
932 737 1109 771 millesimo
1130 735 1469 783 quadringentesimo

193 818 476 866 quinquagesimo
494 820 649 864 septimo,
667 821 839 860 fundavit,
857 827 891 854 et
910 819 1084 853 structura
1102 817 1328 853 munitissima
1345 819 1469 852 finivit.

197 899 246 933 Et
271 902 388 934 eodem
411 912 512 940 anno,
530 901 707 944 pacificata
732 902 856 944 patria,
875 900 1044 945 synodum
1068 900 1163 933 suam
1190 901 1226 933 in
1252 898 1388 933 ecclesia
1413 899 1471 933 sua

193 983 315 1020 tenuit,
335 993 423 1025 quae
441 982 537 1025 prius
556 981 687 1025 semper
704 987 846 1025 propter
863 982 1034 1015 roboriam
1055 982 1332 1014 Catheranorum
1350 986 1471 1014 contra

193 1060 430 1096 ecclesiasticos
449 1063 586 1102 factam,
604 1064 697 1106 apud
715 1063 886 1096 Tullilum
909 1064 1019 1096 teneri
1040 1062 1138 1096 solita
1162 1061 1220 1095 est.
1274 1063 1342 1095 Hic
1365 1064 1469 1096 etiam

193 1144 346 1177 sacerdos
364 1155 513 1189 magnus
531 1150 565 1177 et
586 1144 743 1188 pontifex
761 1141 989 1188 dignissimus,
1011 1155 1192 1188 nunquam
1215 1155 1236 1176 a
1258 1144 1346 1177 bono
1370 1155 1471 1187 opere

193 1223 332 1265 cessans,
351 1226 513 1259 fundavit
531 1230 671 1269 pontem
691 1224 792 1269 super
815 1237 941 1269 aquam
968 1227 1010 1258 de
1029 1225 1139 1269 Taya,
1157 1237 1264 1269 prope
1290 1225 1389 1259 suum
1413 1238 1472 1270 pa-

194 1307 328 1345 latium,
346 1307 475 1350 partim
495 1307 536 1339 de
554 1307 728 1350 lapidibus
747 1311 781 1339 et
798 1307 926 1350 partim
944 1307 986 1339 de
1003 1307 1119 1351 lignis,
1138 1307 1193 1339 die
1211 1311 1333 1340 octavo
1348 1305 1471 1340 meniis

193 1387 215 1420 J
218 1389 290 1426 ulii,
310 1399 401 1420 anno
419 1388 551 1420 domini
569 1385 748 1420 millesimo
766 1385 1104 1432 quadringentesimo
1121 1386 1329 1433 sexagesimo
1347 1390 1470 1432 primo.

193 1468 361 1502 Decorem
376 1474 492 1501 tamen
507 1465 662 1501 ecclesiae
675 1466 754 1501 suae
770 1469 912 1501 minime
926 1468 1065 1507 oblitus,
1079 1469 1195 1512 plures
1210 1467 1330 1508 vestes,
1344 1480 1470 1513 cappas

195 1549 316 1588 sacras,
340 1548 564 1582 sacerdotales
588 1553 622 1581 et
647 1547 768 1581 sericas
791 1549 947 1588 adduxit,
966 1548 1113 1592 vasaque
1134 1554 1308 1594 argentea,
1327 1551 1393 1583 viz.
1417 1550 1473 1584 sex

193 1630 408 1668 candelabra,
426 1641 534 1662 unum
562 1630 712 1668 calicem,
731 1630 817 1662 duas
840 1630 985 1673 phiolas,
1011 1635 1081 1663 tres
1108 1632 1290 1674 ampullas,
1316 1632 1469 1675 pixidem

194 1710 361 1744 crismatis
374 1716 588 1756 argenteum,
603 1722 736 1744 crucem
755 1712 791 1744 in
803 1722 871 1754 qua
883 1709 933 1744 est
946 1723 1026 1755 pars
1040 1713 1151 1745 crucis
1165 1713 1357 1746 dominicae
1372 1715 1469 1759 ligni,

193 1792 345 1835 pixidem
371 1803 435 1834 pro
462 1790 664 1825 Eukaristia
694 1797 897 1837 argenteum
924 1792 1006 1825 satis
1030 1792 1269 1836 ponderosum,
1296 1793 1471 1828 vasculum

195 1885 304 1918 aquae
323 1874 530 1912 benedictae,
549 1879 583 1906 et
603 1875 672 1907 duo
689 1872 874 1917 aspersoria
892 1874 932 1906 de
950 1879 1106 1919 argento,
1124 1875 1193 1908 duo
1216 1876 1397 1909 thuribula
1418 1889 1472 1910 ar-

192 1960 338 2000 gentea:
358 1955 454 1988 Fecit
472 1955 577 1987 etiam
595 1955 639 1986 ad
659 1954 773 1998 majus
791 1955 909 1993 altare,
924 1956 1138 1987 antemurale
1156 1956 1330 1999 depictum
1345 1958 1471 2002 viginti

191 2042 342 2080 quatuor
355 2036 531 2069 miraculis
545 2035 661 2068 Sancti
677 2034 876 2072 Columbae,
889 2039 923 2067 et
936 2035 1021 2068 duas
1036 2035 1179 2079 desuper
1193 2038 1372 2082 ymagines
1384 2038 1471 2084 ejus-

191 2119 279 2157 dem,
297 2118 383 2150 duas
401 2117 613 2159 columpnas,
632 2121 666 2149 et
683 2114 827 2159 desuper
845 2117 930 2149 duos
954 2117 1115 2160 angelos3
1145 2128 1183 2150 ac
1210 2117 1349 2152 honeste
1370 2121 1471 2163 quin-
