1837 2698
305 294 351 332 90
584 292 845 325 COMPOTUM
865 292 1092 325 MAGISTRI
1113 291 1307 325 FABRICE

301 401 480 436 esculentis
504 407 538 436 et
561 403 754 446 poculentis
780 402 862 436 bina
888 403 962 436 vice
982 406 1117 447 portan.
1142 404 1268 437 calcem
1290 403 1334 436 ad
1357 402 1465 436 Perth
1485 402 1534 447 xij
1554 403 1578 435 ἔ.

299 482 350 517 Et
361 481 407 516 lie
413 481 588 528 pynouris
601 483 638 516 in
652 483 878 526 deplicionem
889 482 1006 528 symbe
1018 488 1052 517 et
1062 483 1333 528 asportacionem
1347 484 1390 516 ad
1404 483 1576 516 Bothame

298 564 400 597 calcis
426 565 555 607 capien.
582 574 645 607 pro
672 564 785 596 celdra
810 564 848 596 in
874 562 950 597 suas
976 565 1149 598 mercedes
1174 564 1302 598 laboris
1328 564 1388 608 viij
1417 566 1441 596 ἔ.
1462 563 1523 607 viij
1543 561 1575 596 d.

298 644 347 678 Et
364 646 532 678 allocatur
549 644 659 676 eidem
678 655 740 687 per
757 644 971 688 empcionem
989 645 1176 678 octodecim
1194 645 1388 678 celdrarum
1403 648 1437 677 et
1449 647 1575 678 novem

296 726 467 759 bollarum
486 726 586 758 calcis
604 725 720 768 precio
737 725 827 758 bolle
844 725 1027 759 duodecim
1045 725 1143 759 solidi
1160 726 1341 759 extenden.
1367 725 1404 758 in
1430 725 1575 768 pecunia

294 807 337 840 ad
355 806 391 851 xj
412 807 446 839 li.
464 806 488 851 ij
509 809 534 839 Ξ.
552 807 588 839 ix
606 803 641 838 d.
690 805 740 839 Et
763 806 799 839 in
817 803 863 838 lie
880 804 1025 850 mzcoftis
1045 817 1069 840 x
1087 809 1111 839 ἓ.
1128 806 1164 852 xj
1184 804 1217 839 d.
1268 805 1319 839 Et
1343 817 1405 849 per
1428 805 1576 848 empcio-

293 898 372 920 nem
398 886 542 921 sedecim
566 887 760 920 celdrarum
785 888 886 920 calcis
911 888 1027 931 precio
1051 888 1163 920 celdre
1190 898 1306 920 merca
1329 886 1512 920 extenden.
1537 886 1575 918 in

291 968 439 1011 pecunia
455 968 498 1000 ad
517 978 539 1000 x
553 967 588 999 li.
602 966 664 1012 xiij
681 969 705 999 S.
724 946 775 1012 ioirij
790 964 825 1000 d.
866 966 917 1000 Et
934 968 970 1000 in
987 964 1033 1000 lie
1050 965 1194 1012 uncqftis
1212 967 1259 1012 vij
1276 969 1301 1000 ἔ.
1315 977 1339 999 x
1352 963 1385 999 d.
1423 965 1474 999 Et
1491 966 1574 999 allo-

291 1053 390 1083 catur
403 1049 514 1082 eidem
527 1048 564 1081 in
578 1045 624 1081 lie
636 1046 794 1093 ear-iugis
807 1049 907 1082 calcis
921 1049 995 1094 lviij
1012 1051 1036 1082 ἔ.
1078 1047 1127 1082 Et
1143 1059 1206 1092 pro
1220 1048 1320 1081 firma
1333 1047 1457 1080 domus
1471 1046 1572 1079 calcis

289 1130 326 1163 in
337 1129 445 1162 Perth
460 1129 508 1174 xij
523 1132 548 1162 ἕ.
573 1128 624 1162 Et
635 1129 803 1162 allocatur
816 1129 926 1162 eidem
941 1129 978 1162 in
992 1129 1206 1173 empcionem
1223 1128 1317 1162 mille
1335 1126 1572 1167 sexcentorum

288 1207 334 1243 lie
349 1207 547 1255 plancheor
564 1207 659 1243 maile
683 1210 833 1243 duorum
851 1210 1000 1243 millium
1018 1210 1251 1254 quadraginta
1268 1206 1316 1242 lie
1333 1205 1403 1241 dur
1420 1204 1516 1241 naile
1538 1211 1573 1241 et

287 1291 465 1336 sexaginta
488 1288 534 1324 lie
559 1288 698 1323 wimlolc
723 1288 818 1323 naile
842 1291 958 1334 precio
979 1290 1089 1335 xxxvj
1109 1292 1134 1323 ἕ.
1151 1290 1175 1334 ij
1195 1287 1229 1323 d.
1280 1289 1330 1322 Et
1347 1300 1409 1333 per
1426 1289 1574 1332 empcio-

286 1384 365 1406 nem
383 1373 655 1417 quingentorum
669 1369 715 1404 lie
727 1382 875 1416 garrow
894 1369 988 1405 uuile
1006 1382 1049 1405 ex
1061 1371 1171 1405 Perth
1189 1370 1305 1415 precio
1316 1381 1431 1404 merca
1445 1370 1571 1404 ducen-

287 1460 402 1487 torum
421 1451 467 1486 lie
485 1450 687 1498 plcmclzour
705 1450 799 1486 mcile
816 1457 886 1486 tres
904 1451 1003 1486 solidi
1026 1456 1061 1486 et
1078 1453 1306 1485 ducentorum
1324 1448 1371 1484 lie
1388 1448 1459 1483 dur
1476 1448 1570 1484 nuile

286 1535 474 1567 octodecim
509 1534 641 1567 denarii
669 1534 850 1566 extenden.
880 1533 917 1566 in
947 1533 1046 1566 totali
1079 1532 1226 1576 pecunia
1256 1532 1299 1564 ad
1333 1531 1407 1576 xvij
1436 1533 1461 1563 ἔ.
1487 1542 1510 1564 x
1536 1529 1568 1564 d.

286 1614 336 1648 Et
352 1616 520 1648 allocatur
538 1615 648 1647 eidem
667 1625 729 1656 per
752 1613 996 1646 liberacionem
1020 1612 1149 1646 factam
1168 1611 1303 1645 Thome
1320 1611 1473 1655 VVrycht
1495 1622 1568 1644 car-

283 1696 442 1739 pentario
455 1696 624 1728 conducto
642 1695 679 1728 in
696 1692 781 1727 festo
795 1693 913 1727 Sancti
929 1693 1075 1726 Martini
1089 1693 1126 1726 in
1139 1692 1263 1737 hyeme
1280 1693 1316 1725 in
1331 1703 1421 1725 anno
1435 1692 1567 1725 domini

283 1773 463 1809 millefimo
474 1773 748 1820 quingentesimo
761 1775 945 1808 undecimo
963 1774 1094 1817 capien.
1112 1785 1174 1817 per
1187 1784 1319 1806 annum
1334 1773 1567 1818 quadraginta

283 1868 414 1890 mercas
428 1858 469 1890 de
487 1856 614 1900 quibus
633 1867 653 1889 a
670 1856 862 1901 graniterio
880 1856 1029 1888 celdram
1048 1854 1179 1887 fari-ine
1198 1858 1232 1887 et
1251 1858 1328 1887 octo
1347 1853 1456 1887 bonas
1471 1854 1565 1887 ordei

280 1948 345 1980 pro
364 1938 544 1971 duodecim
562 1937 685 1970 mercis
703 1937 884 1970 annuatim
902 1936 939 1969 in
957 1936 1164 1979 completam
1180 1933 1388 1968 solucionem
1405 1933 1455 1967 sui
1473 1945 1562 1967 mer-

280 2019 373 2051 cedis
395 2019 524 2052 laboris
548 2029 569 2051 a
591 2019 683 2051 dicto
707 2018 857 2051 termino
880 2015 938 2050 sue
964 2016 1202 2050 conductionis
1228 2016 1265 2049 in
1290 2013 1416 2049 festum
1443 2014 1560 2048 Sancti

280 2097 425 2132 Mertini
451 2100 608 2142 proxime
634 2099 794 2132 futurum
820 2099 1002 2132 extenden.
1028 2098 1072 2131 ad
1106 2098 1192 2131 duos
1215 2107 1324 2130 annos
1347 2096 1501 2141 integros
1524 2095 1561 2129 in
