1837 2698
885 672 921 710 Ι.

546 838 817 878 DECANUS
848 838 1256 885 ANGUSIARUM,

770 974 830 1013 M.
847 974 897 1012 D.
915 973 1043 1012 XIII.

268 1131 560 1178 COMPOTUM
580 1141 742 1188 Magistri
760 1141 954 1175 Alexandri
975 1142 1096 1186 Mylne
1115 1141 1282 1175 Canonici
1301 1142 1547 1178 Dounkelden-

268 1221 310 1256 fis
342 1235 381 1257 ac
411 1223 542 1256 Decani
577 1221 824 1256 Cristianitatis
863 1222 1012 1268 ejusdem
1045 1225 1082 1257 in
1112 1224 1271 1268 partibus
1306 1223 1545 1270 Angufiarum

267 1305 441 1337 redditum
465 1305 559 1347 apud
586 1304 816 1337 Dounkelden
841 1304 974 1337 decimo
995 1303 1141 1348 septimo
1169 1306 1223 1338 die
1246 1304 1370 1339 mensis
1395 1306 1547 1340 Novem-

272 1385 341 1418 bris
375 1396 466 1418 anno
496 1386 626 1418 domini
661 1382 841 1418 millesnno
875 1383 1150 1430 quingentesimo
1185 1387 1317 1420 decimo
1352 1389 1458 1421 tercio
1492 1387 1544 1422 De

268 1466 428 1499 omnibus
445 1464 513 1498 suis
532 1465 693 1509 Receptis
711 1470 746 1499 et
763 1463 933 1509 Expenfis
951 1466 995 1499 ab
1013 1467 1137 1500 ultimo
1155 1472 1314 1511 compoto
1334 1467 1393 1501 suo
1411 1469 1546 1502 reddito

268 1547 361 1589 apud
379 1546 493 1590 Clony
509 1547 634 1579 ultimo
652 1547 706 1579 die
732 1545 856 1580 menfis
874 1547 1075 1581 Decembris
1105 1559 1196 1582 anno
1223 1553 1280 1581 *tc*
1300 1550 1336 1581 vc
1362 1549 1544 1582 undecimo

267 1627 498 1661 Auditoribus
517 1625 696 1673 Magistris
714 1627 737 1660 J
739 1628 843 1661 acobo
861 1627 1017 1662 Fentone
1043 1633 1242 1672 precentore
1261 1628 1412 1674 Georgio
1432 1629 1543 1663 Ferne

268 1708 523 1741 Archidiacono
549 1708 709 1742 Johanne
736 1708 853 1742 Lacok
879 1710 1069 1754 grauiterio
1092 1710 1244 1744 Domino
1271 1710 1410 1744 Thoma
1436 1710 1544 1755 Greig

270 1788 495 1831 prebendario
513 1789 553 1821 de
567 1788 697 1832 Alytht
710 1794 744 1822 et
757 1801 811 1823 me
825 1789 964 1823 Thoma
978 1790 1119 1824 Broune
1132 1790 1296 1835 scriptore
1310 1790 1521 1835 presencium

319 1949 426 1982 ITEM
445 1949 541 1983 Idem
560 1956 761 1994 computans
780 1956 900 1986 onerat
918 1951 951 1985 se
968 1952 1010 1985 de
1028 1963 1052 1985 x
1069 1954 1104 1986 li.
1123 1953 1184 1987 xix
1202 1954 1227 1986 ἔ.
1245 1953 1286 1986 de
1304 1951 1410 1987 Resta
1427 1954 1541 1987 ultimi

269 2031 418 2074 compoti
436 2029 487 2064 sui
504 2031 630 2065 redditi
648 2036 688 2065 ut
705 2031 809 2076 supra

711 2112 855 2147 Summa
872 2112 974 2148 Reste
991 2118 1087 2158 patet
