<?xml version="1.0" encoding="UTF-8"?>
<!DOCTYPE html PUBLIC "-//W3C//DTD XHTML 1.0 Transitional//EN"
    "http://www.w3.org/TR/xhtml1/DTD/xhtml1-transitional.dtd">
<html xmlns="http://www.w3.org/1999/xhtml" xml:lang="en" lang="en">
 <head>
  <title>
</title>
<meta http-equiv="Content-Type" content="text/html;charset=utf-8" />
  <meta name='ocr-system' content='tesseract 3.04.00' />
  <meta name='ocr-capabilities' content='ocr_page ocr_carea ocr_par ocr_line ocrx_word'/>
</head>
<body>
  <div class='ocr_page' id='page_1' title='image "./vitaedunkeldensi00myln_0079.png"; bbox 0 0 1837 2698; ppageno 0'>
   <div class='ocr_carea' id='block_1_1' title="bbox 462 315 1563 354">
    <p class='ocr_par' dir='ltr' id='par_1_1' title="bbox 462 315 1563 354">
     <span class='ocr_line' id='line_1_1' title="bbox 462 315 1563 354; baseline 0.002 -6"><span class='ocrx_word' id='word_1_1' title='bbox 462 317 600 349; x_wconf 90' lang='lat' dir='ltr'>VITAE</span> <span class='ocrx_word' id='word_1_2' title='bbox 622 317 953 350; x_wconf 89' lang='lat' dir='ltr'>EPISCOPORUM</span> <span class='ocrx_word' id='word_1_3' title='bbox 974 315 1382 347; x_wconf 89' lang='lat' dir='ltr'><strong>DUNKELDENSIUM.</strong></span> <span class='ocrx_word' id='word_1_4' title='bbox 1517 319 1563 354; x_wconf 89' lang='lat'>57</span> 
     </span>
    </p>
   </div>
   <div class='ocr_carea' id='block_1_2' title="bbox 285 422 1564 2173">
    <p class='ocr_par' dir='ltr' id='par_1_2' title="bbox 285 422 1564 2173">
     <span class='ocr_line' id='line_1_2' title="bbox 289 422 1561 472; baseline -0.002 -13"><span class='ocrx_word' id='word_1_5' title='bbox 289 426 458 461; x_wconf 90' lang='lat' dir='ltr'>consuluit</span> <span class='ocrx_word' id='word_1_6' title='bbox 473 438 482 467; x_wconf 91' lang='lat'>;</span> <span class='ocrx_word' id='word_1_7' title='bbox 509 427 758 472; x_wconf 85' lang='lat' dir='ltr'>consultusque,</span> <span class='ocrx_word' id='word_1_8' title='bbox 775 428 797 460; x_wconf 89' lang='lat' dir='ltr'>J</span> <span class='ocrx_word' id='word_1_9' title='bbox 801 428 971 461; x_wconf 89' lang='lat' dir='ltr'>ohannem</span> <span class='ocrx_word' id='word_1_10' title='bbox 990 438 1105 460; x_wconf 88' lang='lat' dir='ltr'>coram</span> <span class='ocrx_word' id='word_1_11' title='bbox 1123 430 1215 460; x_wconf 89' lang='lat' dir='ltr'>certo</span> <span class='ocrx_word' id='word_1_12' title='bbox 1233 426 1275 459; x_wconf 89' lang='lat' dir='ltr'>ad</span> <span class='ocrx_word' id='word_1_13' title='bbox 1294 425 1359 458; x_wconf 93' lang='lat' dir='ltr'>hoc</span> <span class='ocrx_word' id='word_1_14' title='bbox 1376 422 1561 458; x_wconf 88' lang='lat' dir='ltr'>constituto</span> 
     </span>
     <span class='ocr_line' id='line_1_3' title="bbox 289 503 1562 552; baseline -0.002 -12"><span class='ocrx_word' id='word_1_15' title='bbox 289 506 515 541; x_wconf 80' lang='lat' dir='ltr'>commissario</span> <span class='ocrx_word' id='word_1_16' title='bbox 541 510 657 542; x_wconf 87' lang='lat' dir='ltr'>vocari</span> <span class='ocrx_word' id='word_1_17' title='bbox 686 509 777 548; x_wconf 85' lang='lat' dir='ltr'>fecit,</span> <span class='ocrx_word' id='word_1_18' title='bbox 808 514 852 548; x_wconf 89' lang='lat' dir='ltr'>et,</span> <span class='ocrx_word' id='word_1_19' title='bbox 878 513 1019 552; x_wconf 89' lang='lat' dir='ltr'>propter</span> <span class='ocrx_word' id='word_1_20' title='bbox 1043 507 1294 552; x_wconf 87' lang='lat' dir='ltr'>jurisdictionis</span> <span class='ocrx_word' id='word_1_21' title='bbox 1324 503 1562 539; x_wconf 83' lang='lat' dir='ltr'>ecelefiasticae</span> 
     </span>
     <span class='ocr_line' id='line_1_4' title="bbox 287 586 1563 633; baseline -0.001 -12"><span class='ocrx_word' id='word_1_22' title='bbox 287 589 556 633; x_wconf 87' lang='lat' dir='ltr'><strong>impeditionem,</strong></span> <span class='ocrx_word' id='word_1_23' title='bbox 575 590 758 623; x_wconf 87' lang='lat' dir='ltr'>secundum</span> <span class='ocrx_word' id='word_1_24' title='bbox 777 591 869 633; x_wconf 90' lang='lat' dir='ltr'>quod</span> <span class='ocrx_word' id='word_1_25' title='bbox 887 590 981 623; x_wconf 87' lang='lat' dir='ltr'>bulla</span> <span class='ocrx_word' id='word_1_26' title='bbox 995 587 1030 622; x_wconf 77' lang='lat' dir='ltr'>in</span> <span class='ocrx_word' id='word_1_27' title='bbox 1044 599 1151 622; x_wconf 78' lang='lat' dir='ltr'>coena</span> <span class='ocrx_word' id='word_1_28' title='bbox 1164 586 1295 621; x_wconf 78' lang='lat' dir='ltr'>domini</span> <span class='ocrx_word' id='word_1_29' title='bbox 1308 588 1410 627; x_wconf 86' lang='lat' dir='ltr'>canit,</span> <span class='ocrx_word' id='word_1_30' title='bbox 1428 598 1563 621; x_wconf 88' lang='lat' dir='ltr'>excom-</span> 
     </span>
     <span class='ocr_line' id='line_1_5' title="bbox 288 668 1564 715; baseline -0.002 -12"><span class='ocrx_word' id='word_1_31' title='bbox 288 672 504 704; x_wconf 88' lang='lat' dir='ltr'>municatum</span> <span class='ocrx_word' id='word_1_32' title='bbox 524 672 689 705; x_wconf 87' lang='lat' dir='ltr'>declarari</span> <span class='ocrx_word' id='word_1_33' title='bbox 707 672 869 710; x_wconf 85' lang='lat' dir='ltr'>obtinuit,</span> <span class='ocrx_word' id='word_1_34' title='bbox 893 672 1042 715; x_wconf 91' lang='lat' dir='ltr'>quodam</span> <span class='ocrx_word' id='word_1_35' title='bbox 1060 672 1102 704; x_wconf 86' lang='lat' dir='ltr'>de</span> <span class='ocrx_word' id='word_1_36' title='bbox 1119 668 1244 704; x_wconf 84' lang='lat' dir='ltr'>nostris</span> <span class='ocrx_word' id='word_1_37' title='bbox 1262 668 1435 708; x_wconf 78' lang='lat' dir='ltr'>asserente,</span> <span class='ocrx_word' id='word_1_38' title='bbox 1453 668 1564 702; x_wconf 82' lang='lat' dir='ltr'>decla-</span> 
     </span>
     <span class='ocr_line' id='line_1_6' title="bbox 288 748 1564 798; baseline -0.002 -14"><span class='ocrx_word' id='word_1_39' title='bbox 288 752 457 785; x_wconf 82' lang='lat' dir='ltr'>rationem</span> <span class='ocrx_word' id='word_1_40' title='bbox 476 752 683 797; x_wconf 86' lang='lat' dir='ltr'>hujusmodi,</span> <span class='ocrx_word' id='word_1_41' title='bbox 700 753 780 798; x_wconf 87' lang='lat' dir='ltr'>jure</span> <span class='ocrx_word' id='word_1_42' title='bbox 798 753 1063 790; x_wconf 83' lang='lat' dir='ltr'>contradicente,</span> <span class='ocrx_word' id='word_1_43' title='bbox 1081 750 1243 797; x_wconf 87' lang='lat' dir='ltr'>injustam</span> <span class='ocrx_word' id='word_1_44' title='bbox 1263 748 1336 784; x_wconf 83' lang='lat' dir='ltr'>effe.</span> <span class='ocrx_word' id='word_1_45' title='bbox 1385 749 1408 782; x_wconf 85' lang='lat' dir='ltr'>J</span> <span class='ocrx_word' id='word_1_46' title='bbox 1410 750 1564 783; x_wconf 86' lang='lat' dir='ltr'>ohannes</span> 
     </span>
     <span class='ocr_line' id='line_1_7' title="bbox 286 831 1563 877; baseline -0.001 -12"><span class='ocrx_word' id='word_1_47' title='bbox 286 842 357 865; x_wconf 88' lang='lat' dir='ltr'>non</span> <span class='ocrx_word' id='word_1_48' title='bbox 393 844 594 876; x_wconf 87' lang='lat' dir='ltr'>comparens</span> <span class='ocrx_word' id='word_1_49' title='bbox 629 838 816 867; x_wconf 87' lang='lat' dir='ltr'>contumax</span> <span class='ocrx_word' id='word_1_50' title='bbox 853 834 1051 877; x_wconf 88' lang='lat' dir='ltr'>appellavit,</span> <span class='ocrx_word' id='word_1_51' title='bbox 1089 836 1124 865; x_wconf 87' lang='lat' dir='ltr'>et</span> <span class='ocrx_word' id='word_1_52' title='bbox 1158 832 1298 865; x_wconf 86' lang='lat' dir='ltr'>interim</span> <span class='ocrx_word' id='word_1_53' title='bbox 1333 831 1563 864; x_wconf 82' lang='lat' dir='ltr'>denunciatur</span> 
     </span>
     <span class='ocr_line' id='line_1_8' title="bbox 286 910 1562 956; baseline -0.001 -10"><span class='ocrx_word' id='word_1_54' title='bbox 286 914 614 946; x_wconf 80' lang='lat' dir='ltr'>excommunicatus.</span> <span class='ocrx_word' id='word_1_55' title='bbox 665 913 892 947; x_wconf 86' lang='lat' dir='ltr'>Contumacia</span> <span class='ocrx_word' id='word_1_56' title='bbox 915 918 949 947; x_wconf 86' lang='lat' dir='ltr'>et</span> <span class='ocrx_word' id='word_1_57' title='bbox 972 913 1105 946; x_wconf 86' lang='lat' dir='ltr'>malitia</span> <span class='ocrx_word' id='word_1_58' title='bbox 1128 912 1366 951; x_wconf 82' lang='lat' dir='ltr'>crescentibus,</span> <span class='ocrx_word' id='word_1_59' title='bbox 1391 910 1562 956; x_wconf 73' lang='lat' dir='ltr'>processus</span> 
     </span>
     <span class='ocr_line' id='line_1_9' title="bbox 286 991 1563 1039; baseline 0 -13"><span class='ocrx_word' id='word_1_60' title='bbox 286 999 499 1039; x_wconf 85' lang='lat' dir='ltr'>aggravatur</span> <span class='ocrx_word' id='word_1_61' title='bbox 528 999 563 1028; x_wconf 83' lang='lat' dir='ltr'>et</span> <span class='ocrx_word' id='word_1_62' title='bbox 591 999 851 1039; x_wconf 85' lang='lat' dir='ltr'>reaggravatur.</span> <span class='ocrx_word' id='word_1_63' title='bbox 903 994 1080 1028; x_wconf 87' lang='lat' dir='ltr'>Johannes</span> <span class='ocrx_word' id='word_1_64' title='bbox 1110 1005 1171 1028; x_wconf 88' lang='lat' dir='ltr'>nec</span> <span class='ocrx_word' id='word_1_65' title='bbox 1201 995 1373 1027; x_wconf 85' lang='lat' dir='ltr'>mandatis</span> <span class='ocrx_word' id='word_1_66' title='bbox 1408 991 1563 1027; x_wconf 88' lang='lat' dir='ltr'>ecclefiae</span> 
     </span>
     <span class='ocr_line' id='line_1_10' title="bbox 286 1073 1564 1119; baseline 0 -11"><span class='ocrx_word' id='word_1_67' title='bbox 286 1076 414 1119; x_wconf 89' lang='lat' dir='ltr'>paruit,</span> <span class='ocrx_word' id='word_1_68' title='bbox 438 1087 499 1109; x_wconf 90' lang='lat' dir='ltr'>nec</span> <span class='ocrx_word' id='word_1_69' title='bbox 516 1077 780 1119; x_wconf 83' lang='lat' dir='ltr'>appellationem</span> <span class='ocrx_word' id='word_1_70' title='bbox 801 1074 999 1119; x_wconf 85' lang='lat' dir='ltr'>prosecutus</span> <span class='ocrx_word' id='word_1_71' title='bbox 1018 1075 1077 1115; x_wconf 88' lang='lat' dir='ltr'>est,</span> <span class='ocrx_word' id='word_1_72' title='bbox 1100 1075 1237 1110; x_wconf 87' lang='lat' dir='ltr'>securus</span> <span class='ocrx_word' id='word_1_73' title='bbox 1256 1076 1298 1108; x_wconf 89' lang='lat' dir='ltr'>de</span> <span class='ocrx_word' id='word_1_74' title='bbox 1316 1075 1455 1108; x_wconf 91' lang='lat' dir='ltr'>brachio</span> <span class='ocrx_word' id='word_1_75' title='bbox 1472 1073 1564 1109; x_wconf 88' lang='lat' dir='ltr'>secu-</span> 
     </span>
     <span class='ocr_line' id='line_1_11' title="bbox 287 1155 1564 1201; baseline 0 -11"><span class='ocrx_word' id='word_1_76' title='bbox 287 1158 363 1196; x_wconf 90' lang='lat' dir='ltr'>lari,</span> <span class='ocrx_word' id='word_1_77' title='bbox 387 1163 506 1190; x_wconf 86' lang='lat' dir='ltr'>contra</span> <span class='ocrx_word' id='word_1_78' title='bbox 529 1158 631 1201; x_wconf 85' lang='lat' dir='ltr'>quod,</span> <span class='ocrx_word' id='word_1_79' title='bbox 656 1155 865 1191; x_wconf 82' lang='lat' dir='ltr'>ecclesiastici</span> <span class='ocrx_word' id='word_1_80' title='bbox 884 1157 994 1191; x_wconf 90' lang='lat' dir='ltr'>facere</span> <span class='ocrx_word' id='word_1_81' title='bbox 1012 1158 1067 1190; x_wconf 88' lang='lat' dir='ltr'>vel</span> <span class='ocrx_word' id='word_1_82' title='bbox 1085 1157 1196 1190; x_wconf 83' lang='lat' dir='ltr'>dicere</span> <span class='ocrx_word' id='word_1_83' title='bbox 1213 1168 1283 1190; x_wconf 91' lang='lat' dir='ltr'>non</span> <span class='ocrx_word' id='word_1_84' title='bbox 1300 1156 1484 1196; x_wconf 85' lang='lat' dir='ltr'>audebant,</span> <span class='ocrx_word' id='word_1_85' title='bbox 1501 1168 1564 1190; x_wconf 88' lang='lat' dir='ltr'>nec</span> 
     </span>
     <span class='ocr_line' id='line_1_12' title="bbox 288 1237 1562 1283; baseline 0.002 -13"><span class='ocrx_word' id='word_1_86' title='bbox 288 1239 362 1283; x_wconf 85' lang='lat' dir='ltr'>ejus</span> <span class='ocrx_word' id='word_1_87' title='bbox 386 1238 539 1271; x_wconf 83' lang='lat' dir='ltr'>malitiae</span> <span class='ocrx_word' id='word_1_88' title='bbox 561 1238 781 1281; x_wconf 86' lang='lat' dir='ltr'>acquiescere,</span> <span class='ocrx_word' id='word_1_89' title='bbox 807 1244 973 1282; x_wconf 89' lang='lat' dir='ltr'>tanquam</span> <span class='ocrx_word' id='word_1_90' title='bbox 998 1238 1111 1272; x_wconf 91' lang='lat' dir='ltr'>Deum</span> <span class='ocrx_word' id='word_1_91' title='bbox 1129 1239 1300 1271; x_wconf 89' lang='lat' dir='ltr'>timentes.</span> <span class='ocrx_word' id='word_1_92' title='bbox 1352 1237 1427 1282; x_wconf 91' lang='lat' dir='ltr'>Ipse</span> <span class='ocrx_word' id='word_1_93' title='bbox 1445 1244 1562 1272; x_wconf 88' lang='lat' dir='ltr'>tamen</span> 
     </span>
     <span class='ocr_line' id='line_1_13' title="bbox 286 1317 1562 1363; baseline 0.002 -12"><span class='ocrx_word' id='word_1_94' title='bbox 286 1317 469 1358; x_wconf 74' lang='lat' dir='ltr'>ecclesiam,</span> <span class='ocrx_word' id='word_1_95' title='bbox 495 1320 649 1362; x_wconf 89' lang='lat' dir='ltr'>quotidie</span> <span class='ocrx_word' id='word_1_96' title='bbox 675 1330 754 1352; x_wconf 88' lang='lat' dir='ltr'>cum</span> <span class='ocrx_word' id='word_1_97' title='bbox 780 1320 810 1352; x_wconf 88' lang='lat' dir='ltr'>ei</span> <span class='ocrx_word' id='word_1_98' title='bbox 836 1320 1001 1363; x_wconf 86' lang='lat' dir='ltr'>placitum</span> <span class='ocrx_word' id='word_1_99' title='bbox 1028 1319 1152 1358; x_wconf 87' lang='lat' dir='ltr'>fuerat,</span> <span class='ocrx_word' id='word_1_100' title='bbox 1177 1323 1253 1352; x_wconf 87' lang='lat' dir='ltr'>tum</span> <span class='ocrx_word' id='word_1_101' title='bbox 1277 1330 1355 1352; x_wconf 92' lang='lat' dir='ltr'>cum</span> <span class='ocrx_word' id='word_1_102' title='bbox 1378 1317 1562 1362; x_wconf 86' lang='lat' dir='ltr'>postulato,</span> 
     </span>
     <span class='ocr_line' id='line_1_14' title="bbox 287 1399 1564 1445; baseline 0.001 -13"><span class='ocrx_word' id='word_1_103' title='bbox 287 1404 362 1433; x_wconf 88' lang='lat' dir='ltr'>tum</span> <span class='ocrx_word' id='word_1_104' title='bbox 381 1411 420 1432; x_wconf 89' lang='lat' dir='ltr'>eo</span> <span class='ocrx_word' id='word_1_105' title='bbox 438 1399 585 1439; x_wconf 86' lang='lat' dir='ltr'>absente,</span> <span class='ocrx_word' id='word_1_106' title='bbox 610 1401 745 1445; x_wconf 86' lang='lat' dir='ltr'>ingredi</span> <span class='ocrx_word' id='word_1_107' title='bbox 766 1399 867 1433; x_wconf 86' lang='lat' dir='ltr'>ausus</span> <span class='ocrx_word' id='word_1_108' title='bbox 891 1399 949 1433; x_wconf 85' lang='lat' dir='ltr'>est.</span> <span class='ocrx_word' id='word_1_109' title='bbox 1000 1400 1050 1433; x_wconf 85' lang='lat' dir='ltr'>Et</span> <span class='ocrx_word' id='word_1_110' title='bbox 1067 1401 1147 1434; x_wconf 87' lang='lat' dir='ltr'>licet</span> <span class='ocrx_word' id='word_1_111' title='bbox 1165 1400 1346 1433; x_wconf 85' lang='lat' dir='ltr'>dominicis</span> <span class='ocrx_word' id='word_1_112' title='bbox 1364 1401 1419 1433; x_wconf 89' lang='lat' dir='ltr'>vel</span> <span class='ocrx_word' id='word_1_113' title='bbox 1435 1400 1564 1444; x_wconf 89' lang='lat' dir='ltr'>princi-</span> 
     </span>
     <span class='ocr_line' id='line_1_15' title="bbox 285 1478 1562 1525; baseline 0.002 -12"><span class='ocrx_word' id='word_1_114' title='bbox 285 1481 422 1523; x_wconf 83' lang='lat' dir='ltr'>palibus</span> <span class='ocrx_word' id='word_1_115' title='bbox 441 1479 534 1513; x_wconf 79' lang='lat' dir='ltr'>festis</span> <span class='ocrx_word' id='word_1_116' title='bbox 552 1481 589 1513; x_wconf 86' lang='lat' dir='ltr'>in</span> <span class='ocrx_word' id='word_1_117' title='bbox 607 1481 797 1525; x_wconf 86' lang='lat' dir='ltr'>majoribus</span> <span class='ocrx_word' id='word_1_118' title='bbox 820 1478 926 1514; x_wconf 86' lang='lat' dir='ltr'>miffis</span> <span class='ocrx_word' id='word_1_119' title='bbox 950 1482 1131 1514; x_wconf 86' lang='lat' dir='ltr'>matutinis</span> <span class='ocrx_word' id='word_1_120' title='bbox 1155 1479 1303 1525; x_wconf 89' lang='lat' dir='ltr'>vesperis</span> <span class='ocrx_word' id='word_1_121' title='bbox 1321 1485 1355 1514; x_wconf 89' lang='lat' dir='ltr'>et</span> <span class='ocrx_word' id='word_1_122' title='bbox 1373 1481 1449 1514; x_wconf 86' lang='lat' dir='ltr'>aliis</span> <span class='ocrx_word' id='word_1_123' title='bbox 1467 1481 1562 1515; x_wconf 87' lang='lat' dir='ltr'>horis</span> 
     </span>
     <span class='ocr_line' id='line_1_16' title="bbox 287 1560 1562 1605; baseline 0 -10"><span class='ocrx_word' id='word_1_124' title='bbox 287 1563 459 1596; x_wconf 87' lang='lat' dir='ltr'>canonicis</span> <span class='ocrx_word' id='word_1_125' title='bbox 485 1566 520 1595; x_wconf 91' lang='lat' dir='ltr'>et</span> <span class='ocrx_word' id='word_1_126' title='bbox 544 1560 649 1595; x_wconf 86' lang='lat' dir='ltr'>missis</span> <span class='ocrx_word' id='word_1_127' title='bbox 675 1563 821 1605; x_wconf 87' lang='lat' dir='ltr'>privatis</span> <span class='ocrx_word' id='word_1_128' title='bbox 851 1561 983 1605; x_wconf 88' lang='lat' dir='ltr'>semper</span> <span class='ocrx_word' id='word_1_129' title='bbox 1012 1560 1173 1596; x_wconf 83' lang='lat' dir='ltr'>cessatum</span> <span class='ocrx_word' id='word_1_130' title='bbox 1201 1560 1251 1595; x_wconf 88' lang='lat' dir='ltr'>est</span> <span class='ocrx_word' id='word_1_131' title='bbox 1281 1574 1301 1595; x_wconf 91' lang='lat' dir='ltr'>a</span> <span class='ocrx_word' id='word_1_132' title='bbox 1329 1560 1415 1595; x_wconf 89' lang='lat' dir='ltr'>festo</span> <span class='ocrx_word' id='word_1_133' title='bbox 1445 1561 1562 1596; x_wconf 87' lang='lat' dir='ltr'>Sancti</span> 
     </span>
     <span class='ocr_line' id='line_1_17' title="bbox 287 1643 1564 1687; baseline 0 -11"><span class='ocrx_word' id='word_1_134' title='bbox 287 1643 449 1677; x_wconf 88' lang='lat' dir='ltr'>Nicholai</span> <span class='ocrx_word' id='word_1_135' title='bbox 474 1643 511 1675; x_wconf 89' lang='lat' dir='ltr'>in</span> <span class='ocrx_word' id='word_1_136' title='bbox 537 1643 743 1676; x_wconf 87' lang='lat' dir='ltr'>dominicam</span> <span class='ocrx_word' id='word_1_137' title='bbox 770 1643 807 1675; x_wconf 90' lang='lat' dir='ltr'>in</span> <span class='ocrx_word' id='word_1_138' title='bbox 832 1643 938 1676; x_wconf 84' lang='lat' dir='ltr'>ramis</span> <span class='ocrx_word' id='word_1_139' title='bbox 964 1644 1159 1686; x_wconf 88' lang='lat' dir='ltr'>palmarum</span> <span class='ocrx_word' id='word_1_140' title='bbox 1186 1643 1290 1687; x_wconf 88' lang='lat' dir='ltr'>usque</span> <span class='ocrx_word' id='word_1_141' title='bbox 1316 1644 1477 1687; x_wconf 89' lang='lat' dir='ltr'>quaerela</span> <span class='ocrx_word' id='word_1_142' title='bbox 1502 1654 1564 1687; x_wconf 92' lang='lat' dir='ltr'>per</span> 
     </span>
     <span class='ocr_line' id='line_1_18' title="bbox 286 1722 1564 1770; baseline -0.001 -12"><span class='ocrx_word' id='word_1_143' title='bbox 286 1726 454 1758; x_wconf 88' lang='lat' dir='ltr'>decanum</span> <span class='ocrx_word' id='word_1_144' title='bbox 479 1723 674 1757; x_wconf 84' lang='lat' dir='ltr'>consulibus</span> <span class='ocrx_word' id='word_1_145' title='bbox 699 1725 797 1770; x_wconf 84' lang='lat' dir='ltr'>regni</span> <span class='ocrx_word' id='word_1_146' title='bbox 823 1724 924 1763; x_wconf 85' lang='lat' dir='ltr'>facta,</span> <span class='ocrx_word' id='word_1_147' title='bbox 950 1723 1047 1757; x_wconf 82' lang='lat' dir='ltr'>miffo</span> <span class='ocrx_word' id='word_1_148' title='bbox 1072 1722 1206 1757; x_wconf 90' lang='lat' dir='ltr'>cursore</span> <span class='ocrx_word' id='word_1_149' title='bbox 1229 1725 1335 1769; x_wconf 85' lang='lat' dir='ltr'>regio,</span> <span class='ocrx_word' id='word_1_150' title='bbox 1362 1736 1423 1768; x_wconf 89' lang='lat' dir='ltr'>per</span> <span class='ocrx_word' id='word_1_151' title='bbox 1444 1725 1564 1758; x_wconf 86' lang='lat' dir='ltr'>literas</span> 
     </span>
     <span class='ocr_line' id='line_1_19' title="bbox 287 1803 1562 1850; baseline 0.001 -12"><span class='ocrx_word' id='word_1_152' title='bbox 287 1806 400 1850; x_wconf 87' lang='lat' dir='ltr'>regias</span> <span class='ocrx_word' id='word_1_153' title='bbox 430 1806 520 1838; x_wconf 90' lang='lat' dir='ltr'>idem</span> <span class='ocrx_word' id='word_1_154' title='bbox 546 1805 723 1839; x_wconf 82' lang='lat' dir='ltr'>Johannes</span> <span class='ocrx_word' id='word_1_155' title='bbox 749 1806 955 1838; x_wconf 86' lang='lat' dir='ltr'>admonetur</span> <span class='ocrx_word' id='word_1_156' title='bbox 979 1806 1152 1838; x_wconf 83' lang='lat' dir='ltr'>mandatis</span> <span class='ocrx_word' id='word_1_157' title='bbox 1175 1803 1330 1838; x_wconf 82' lang='lat' dir='ltr'>ecclefiae</span> <span class='ocrx_word' id='word_1_158' title='bbox 1355 1805 1503 1844; x_wconf 85' lang='lat' dir='ltr'>obedire,</span> <span class='ocrx_word' id='word_1_159' title='bbox 1529 1811 1562 1839; x_wconf 87' lang='lat' dir='ltr'>et</span> 
     </span>
     <span class='ocr_line' id='line_1_20' title="bbox 286 1884 1560 1929; baseline 0.001 -11"><span class='ocrx_word' id='word_1_160' title='bbox 286 1886 488 1929; x_wconf 86' lang='lat' dir='ltr'>campanile,</span> <span class='ocrx_word' id='word_1_161' title='bbox 518 1886 611 1929; x_wconf 87' lang='lat' dir='ltr'>quod</span> <span class='ocrx_word' id='word_1_162' title='bbox 642 1884 776 1927; x_wconf 85' lang='lat' dir='ltr'>(invitis</span> <span class='ocrx_word' id='word_1_163' title='bbox 803 1886 932 1919; x_wconf 86' lang='lat' dir='ltr'>decano</span> <span class='ocrx_word' id='word_1_164' title='bbox 955 1890 989 1919; x_wconf 88' lang='lat' dir='ltr'>et</span> <span class='ocrx_word' id='word_1_165' title='bbox 1012 1886 1177 1929; x_wconf 85' lang='lat' dir='ltr'>capitulo)</span> <span class='ocrx_word' id='word_1_166' title='bbox 1208 1885 1369 1925; x_wconf 89' lang='lat' dir='ltr'>detinuit,</span> <span class='ocrx_word' id='word_1_167' title='bbox 1394 1886 1560 1926; x_wconf 84' lang='lat' dir='ltr'>reddere3</span> 
     </span>
     <span class='ocr_line' id='line_1_21' title="bbox 287 1964 1561 2010; baseline 0 -10"><span class='ocrx_word' id='word_1_168' title='bbox 287 1972 321 2000; x_wconf 87' lang='lat' dir='ltr'>et</span> <span class='ocrx_word' id='word_1_169' title='bbox 347 1964 401 2005; x_wconf 86' lang='lat' dir='ltr'>fic,</span> <span class='ocrx_word' id='word_1_170' title='bbox 427 1978 497 2000; x_wconf 89' lang='lat' dir='ltr'>non</span> <span class='ocrx_word' id='word_1_171' title='bbox 523 1966 599 2005; x_wconf 91' lang='lat' dir='ltr'>Dei,</span> <span class='ocrx_word' id='word_1_172' title='bbox 625 1965 679 2000; x_wconf 90' lang='lat' dir='ltr'>sed</span> <span class='ocrx_word' id='word_1_173' title='bbox 705 1967 871 2010; x_wconf 88' lang='lat' dir='ltr'>principis</span> <span class='ocrx_word' id='word_1_174' title='bbox 897 1968 1031 2005; x_wconf 89' lang='lat' dir='ltr'>timore,</span> <span class='ocrx_word' id='word_1_175' title='bbox 1059 1964 1209 2010; x_wconf 80' lang='lat' dir='ltr'>permisti</span> <span class='ocrx_word' id='word_1_176' title='bbox 1234 1965 1313 1999; x_wconf 86' lang='lat' dir='ltr'>sunt</span> <span class='ocrx_word' id='word_1_177' title='bbox 1338 1964 1561 2007; x_wconf 82' lang='lat' dir='ltr'>ecclesiastici,</span> 
     </span>
     <span class='ocr_line' id='line_1_22' title="bbox 290 2046 1563 2092; baseline -0.001 -11"><span class='ocrx_word' id='word_1_178' title='bbox 290 2046 414 2092; x_wconf 88' lang='lat' dir='ltr'>absque</span> <span class='ocrx_word' id='word_1_179' title='bbox 431 2047 454 2080; x_wconf 89' lang='lat' dir='ltr'>J</span> <span class='ocrx_word' id='word_1_180' title='bbox 457 2048 602 2081; x_wconf 88' lang='lat' dir='ltr'>ohannis</span> <span class='ocrx_word' id='word_1_181' title='bbox 625 2048 756 2092; x_wconf 87' lang='lat' dir='ltr'>injuria</span> <span class='ocrx_word' id='word_1_182' title='bbox 773 2053 807 2081; x_wconf 89' lang='lat' dir='ltr'>et</span> <span class='ocrx_word' id='word_1_183' title='bbox 824 2048 1085 2092; x_wconf 88' lang='lat' dir='ltr'>inquietatione,</span> <span class='ocrx_word' id='word_1_184' title='bbox 1109 2047 1211 2081; x_wconf 85' lang='lat' dir='ltr'>horas</span> <span class='ocrx_word' id='word_1_185' title='bbox 1235 2047 1415 2081; x_wconf 87' lang='lat' dir='ltr'>canonicas</span> <span class='ocrx_word' id='word_1_186' title='bbox 1433 2052 1467 2081; x_wconf 88' lang='lat' dir='ltr'>et</span> <span class='ocrx_word' id='word_1_187' title='bbox 1484 2047 1563 2081; x_wconf 90' lang='lat' dir='ltr'>mis-</span> 
     </span>
     <span class='ocr_line' id='line_1_23' title="bbox 285 2126 1559 2173; baseline -0.001 -9"><span class='ocrx_word' id='word_1_188' title='bbox 285 2128 338 2164; x_wconf 86' lang='lat' dir='ltr'>sas</span> <span class='ocrx_word' id='word_1_189' title='bbox 363 2129 532 2163; x_wconf 86' lang='lat' dir='ltr'>celebrare</span> <span class='ocrx_word' id='word_1_190' title='bbox 552 2139 561 2169; x_wconf 86' lang='lat'>3</span> <span class='ocrx_word' id='word_1_191' title='bbox 596 2141 658 2163; x_wconf 91' lang='lat' dir='ltr'>nec</span> <span class='ocrx_word' id='word_1_192' title='bbox 683 2130 725 2163; x_wconf 91' lang='lat' dir='ltr'>de</span> <span class='ocrx_word' id='word_1_193' title='bbox 750 2128 961 2163; x_wconf 90' lang='lat' dir='ltr'>absolutione</span> <span class='ocrx_word' id='word_1_194' title='bbox 987 2133 1022 2162; x_wconf 84' lang='lat' dir='ltr'>et</span> <span class='ocrx_word' id='word_1_195' title='bbox 1046 2129 1258 2173; x_wconf 87' lang='lat' dir='ltr'>poenitentia</span> <span class='ocrx_word' id='word_1_196' title='bbox 1283 2126 1332 2162; x_wconf 89' lang='lat' dir='ltr'>est</span> <span class='ocrx_word' id='word_1_197' title='bbox 1356 2126 1559 2173; x_wconf 78' lang='lat' dir='ltr'>quaesitum.</span> 
     </span>
    </p>
   </div>
   <div class='ocr_carea' id='block_1_3' title="bbox 909 2218 938 2243">
    <p class='ocr_par' dir='ltr' id='par_1_3' title="bbox 909 2218 938 2243">
     <span class='ocr_line' id='line_1_24' title="bbox 909 2218 938 2243; baseline 0 0"><span class='ocrx_word' id='word_1_198' title='bbox 909 2218 938 2243; x_wconf 87' lang='lat' dir='ltr'><strong>H</strong></span> 
     </span>
    </p>
   </div>
  </div>
 </body>
</html>
