1837 2698
475 306 612 338 VITAE
635 306 966 338 EPISCOPORUM
989 304 1392 337 DUNKELDENSIUM.
1523 307 1568 344 67

290 417 334 450 tis
354 416 571 450 licenciatum
590 421 624 450 et
642 414 798 450 ecclesiae
816 413 1069 449 Dunkeldenfis
1087 415 1341 454 cancellarium,
1360 419 1512 448 erectum
1532 421 1565 448 et

288 498 473 540 depictum,
499 498 613 541 palliis
639 501 674 530 et
699 497 776 530 aliis
803 494 994 530 necessariis
1020 497 1220 535 decoravit3
1256 495 1373 540 magni
1404 495 1565 538 ponderis

289 578 428 611 calicem
454 582 656 622 argenteum
683 577 764 611 fecit
789 577 891 617 fieri余
923 574 1078 610 ecclefiae
1104 587 1247 620 cappam
1273 575 1412 609 sericam
1440 576 1564 615 albam,

287 659 519 702 praecentoris
533 670 661 702 cappae
675 659 831 702 equalem
846 659 901 691 vel
916 659 1104 696 meliorem,
1116 658 1209 690 dedit
1223 667 1232 697 余
1258 658 1472 700 capellanum
1488 668 1565 700 per-

286 744 430 783 petuum
456 740 582 773 ibidem
609 737 722 772 miffas
745 743 779 772 et
800 740 837 772 in
862 739 968 772 choro
994 735 1231 771 Dunkeldenfi
1256 738 1437 771 canonicas
1462 738 1565 772 horas

285 820 548 859 celebraturum,
579 821 638 864 qui
669 825 704 853 et
733 820 883 854 vicarius
913 819 1009 852 chori
1039 820 1116 858 erit,
1147 830 1189 852 ex
1215 820 1341 852 annuis
1371 819 1564 852 redditibus

286 901 507 944 praediorum
537 899 744 934 rusticorum
780 904 814 933 et
844 899 1056 933 urbanorum
1090 899 1323 943 perpetuavit,
1357 900 1412 932 vir
1446 900 1564 944 magni

286 982 464 1026 regiminis
482 979 609 1020 existit,
623 985 657 1014 et
670 982 705 1014 in
724 985 919 1024 peccatores
937 980 1093 1024 publicos
1110 979 1276 1013 discretus
1289 981 1384 1013 ultor
1397 984 1469 1013 tam
1484 981 1565 1013 cleri

287 1072 392 1105 quam
410 1060 552 1106 agrestis
576 1062 706 1105 populi,
731 1062 790 1105 qui
814 1060 882 1094 suis
907 1061 1042 1100 mediis,
1066 1066 1204 1105 peccata
1227 1058 1511 1104 nephandiffima,
1530 1062 1566 1094 in

286 1143 456 1176 decanatu
469 1143 509 1176 de
523 1142 667 1176 Atholia
681 1147 715 1176 et
729 1142 977 1180 Drumalbane,
996 1139 1058 1175 fibi
1076 1153 1138 1186 per
1155 1141 1352 1187 Georgeum
1370 1140 1565 1186 episcopum

288 1222 470 1262 commisso,
483 1223 627 1267 sapienti
641 1221 936 1256 animadversione
950 1223 1161 1267 extirpavit3
1185 1223 1358 1255 hominem
1379 1223 1563 1266 quemdam

289 1304 417 1337 ibidem
442 1305 610 1348 populum
636 1303 861 1343 seducentem,
885 1309 1021 1336 mutum
1046 1302 1078 1336 se
1101 1303 1299 1348 fingentem,
1322 1301 1379 1336 sed
1402 1301 1506 1348 fignis
1531 1308 1565 1337 et

288 1385 431 1418 nutibus
449 1389 519 1418 tam
538 1385 724 1428 praeterita
742 1395 847 1428 quam
865 1384 986 1417 futura
1003 1385 1226 1422 revelantem,
1244 1384 1329 1416 adeo
1346 1382 1564 1427 compescuit,

287 1471 327 1499 ut
344 1477 457 1499 coram
478 1464 632 1509 episcopo
651 1470 685 1498 et
702 1467 792 1498 clero
811 1476 890 1498 eum
909 1465 1015 1509 loqui,
1030 1469 1064 1498 et
1081 1465 1231 1508 qualiter
1248 1475 1308 1508 per
1327 1464 1501 1498 diabolum
1522 1466 1564 1498 ad

286 1547 350 1580 hoc
367 1545 524 1579 seductus
539 1544 629 1586 effet,
642 1547 757 1590 palam
772 1546 925 1580 confiteri
944 1546 1046 1585 fecit3
1071 1550 1104 1579 et
1121 1545 1153 1578 se
1171 1546 1215 1579 ad
1233 1544 1393 1578 standum
1409 1542 1564 1578 ecclesiae

287 1628 459 1661 mandatis
481 1628 692 1667 offerentem,
714 1627 775 1661 sua
797 1627 993 1671 prudentia,
1014 1627 1261 1660 reconciliavit.
1312 1624 1395 1659 Post
1416 1632 1563 1660 mortem

288 1707 610 1753 episcopi,Romam,
622 1709 814 1742 devotionis
825 1707 935 1747 causa,
947 1708 1048 1747 adiit余
1064 1712 1098 1741 et
1109 1706 1220 1746 sanus,
1232 1707 1312 1740 licet
1322 1706 1563 1751 sexagenarius

289 1795 324 1823 et
337 1791 440 1829 ultra,
453 1791 557 1824 rediit
570 1801 578 1830 余
601 1791 656 1823 vir
668 1791 799 1829 valens,
812 1789 912 1822 bonis
926 1789 1086 1833 operibus
1099 1787 1231 1832 semper
1244 1788 1399 1821 intentus
1412 1797 1419 1820 :
1448 1787 1563 1827 Hunc,

287 1883 350 1915 pro
367 1870 427 1904 suo
445 1873 530 1910 zelo,
549 1872 662 1904 dictus
680 1870 857 1916 Georgeus
878 1869 1053 1914 episcopus
1076 1869 1364 1913 praebendarium
1382 1870 1424 1901 de
1442 1869 1565 1902 Ferdi-

286 1952 418 1985 schawe
435 1953 548 1996 primo
566 1949 740 1991 instituit3
765 1956 800 1984 et
816 1949 933 1994 postea
950 1951 993 1983 ad
1011 1961 1141 1983 annum
1160 1950 1197 1982 in
1215 1949 1505 1992 praebendarium
1522 1950 1565 1982 de

286 2032 417 2072 Alicht,
444 2030 638 2076 poffeffione
662 2032 738 2076 ejus
761 2032 900 2064 nomine
922 2035 1059 2074 recepta
1082 2034 1267 2073 antequam
1292 2029 1322 2062 ei
1348 2029 1564 2072 publicatum

285 2114 362 2154 fuit,
380 2115 578 2158 promovit:
606 2113 744 2147 Natura
761 2113 959 2151 iracundus,
977 2112 1128 2145 multum
1147 2117 1262 2144 tamen
1282 2111 1452 2144 cordialis.
