1837 2698
311 312 378 343 124
592 308 852 341 COMPOTUM
874 309 1096 341 MAGISTRI
1119 309 1315 343 FABRICE

307 417 556 461 quadratorum
575 429 595 451 a
611 420 695 451 xxmo
707 419 762 451 die
779 416 903 452 mensis
917 418 1039 463 Mercij
1056 420 1137 452 anni
1152 424 1209 453 ἮΓ
1224 421 1257 453 v⁰
1271 420 1393 453 decimi
1407 419 1524 464 quarti
1541 421 1577 453 in

307 495 433 531 festum
450 497 566 531 Sancti
582 498 726 532 Mertini
740 499 897 542 proxime
910 499 1071 532 futurum
1085 501 1257 533 continen.
1272 501 1579 545 quadrigintorum

307 579 508 623 octuaginta
527 589 652 611 novem
676 579 803 622 pedum
821 578 1017 613 mensuram
1036 581 1184 624 capienti
1202 591 1265 624 pro
1283 579 1464 625 cujussibet
1481 581 1577 624 pedis

305 657 464 692 mensura
482 663 550 692 tres
569 659 728 692 denarios
746 661 927 693 extenden.
942 661 977 693 in
996 661 1143 704 pecunia
1160 662 1204 694 ad
1222 661 1255 705 vj
1276 661 1311 694 li.
1326 661 1348 705 ij
1365 664 1389 693 ἔ.
1404 661 1440 705 iij
1456 659 1488 693 d.
1528 660 1577 694 Et

305 739 416 772 eidem
441 739 596 773 Roberto
621 751 684 783 pro
709 740 801 773 dicto
826 739 885 774 suo
911 741 1042 774 famulo
1067 742 1204 775 noviter
1229 742 1398 775 conducto
1423 742 1459 774 in
1485 742 1576 774 dicto

304 818 388 853 festo
412 819 529 853 Sancti
555 819 698 853 Mertini
722 821 759 854 in
782 821 929 854 eundem
952 822 1044 854 diem
1062 833 1153 855 anno
1171 822 1328 855 revoluto
1346 822 1496 865 capienti
1514 832 1575 865 per

304 911 435 934 annum
458 899 515 934 sex
538 901 644 934 libras
669 898 759 934 xxxti
777 904 801 934 3.
852 901 902 935 Et
924 902 1092 935 allocatur
1113 903 1221 935 eidem
1245 913 1308 946 per
1333 902 1574 935 libe1·aci0nem

302 981 429 1015 factam
450 981 579 1014 Jacobo
600 980 738 1025 Aysone
759 982 821 1015 uni
844 979 890 1015 lie
906 980 1067 1026 prenteis
1084 983 1121 1015 in
1143 983 1266 1026 pannis
1285 987 1318 1015 et
1336 982 1435 1015 feodo
1454 994 1474 1015 a
1491 980 1576 1015 festo

302 1061 419 1095 Sancti
445 1061 590 1109 Mertini
617 1062 698 1094 anni
724 1066 782 1095 *tc*
807 1063 841 1095 vc
864 1063 1105 1106 decimiquarti
1131 1063 1167 1095 in
1193 1063 1340 1096 eundem
1366 1063 1457 1095 diem
1483 1074 1574 1096 anno

303 1141 460 1174 revoluto
478 1142 607 1184 capien.
626 1152 687 1184 per
704 1152 835 1174 annum
852 1142 962 1186 xxxiij
983 1145 1008 1174 3.
1026 1121 1127 1186 iiifj‘d.
1151 1147 1186 1175 et
1207 1142 1363 1175 modium
1386 1141 1516 1175 farrine
1536 1143 1574 1175 in

299 1221 490 1265 septimana
514 1222 598 1265 xxvj
619 1224 643 1254 3.
661 1221 721 1266 viij
741 1218 774 1254 d.
826 1220 874 1254 Et
898 1222 1007 1254 eidem
1032 1233 1052 1254 a
1076 1222 1167 1255 dicto
1190 1219 1275 1254 festo
1293 1221 1410 1255 Sancti
1429 1221 1574 1254 Mertini

299 1303 381 1335 anni
406 1306 463 1335 *tc*
482 1303 515 1335 vc
533 1301 771 1345 decimiquinti
793 1302 930 1334 noviter
954 1302 1123 1335 conducto
1145 1302 1182 1335 in
1207 1303 1353 1335 eundem
1373 1302 1464 1335 diem
1482 1312 1573 1335 anno

299 1384 456 1416 revoluto
482 1382 630 1426 capienti
662 1393 722 1425 per
751 1393 882 1418 annum
913 1382 1168 1428 quinquaginta
1197 1382 1320 1416 solidos
1350 1388 1384 1416 et
1415 1383 1571 1416 modium

297 1464 427 1497 farrine
444 1464 481 1497 in
497 1461 688 1506 septimana
705 1473 776 1496 xxv
794 1465 818 1495 3.
869 1462 919 1496 Et
936 1463 1104 1497 allocatur
1121 1464 1231 1497 eidem
1249 1475 1311 1507 per
1326 1464 1568 1497 liberacionem

297 1544 424 1577 factam
442 1543 464 1576 J
467 1543 595 1577 ohanni
612 1543 739 1587 Diykis
757 1544 857 1577 aiteri
875 1541 921 1577 lie
936 1542 1097 1589 prenteis
1113 1554 1175 1587 per
1192 1543 1283 1576 idem
1302 1548 1437 1586 tempus
1456 1548 1489 1576 et
1507 1554 1569 1587 per

298 1625 414 1659 omnia
430 1628 471 1657 ut
487 1622 640 1657 Aisoune
657 1623 680 1668 lj
702 1625 726 1656 3.
745 1624 805 1668 viij
825 1621 858 1656 d.
910 1623 960 1657 Et
985 1624 1153 1657 allocatiu·
1175 1624 1284 1657 eidem
1307 1634 1368 1667 per
1390 1623 1568 1657 liberacio-

296 1715 375 1738 nem
400 1704 527 1737 factam
553 1703 706 1737 Patricio
732 1702 872 1737 Masone
898 1704 935 1737 in
960 1703 1151 1737 mercedem
1175 1703 1226 1737 sui
1252 1703 1379 1737 laboris
1405 1704 1564 1737 undecim

296 1785 430 1818 dierum
464 1789 618 1827 tempore
651 1783 873 1817 confectionis
903 1783 1039 1817 secundi
1069 1794 1169 1817 arcus
1198 1784 1257 1828 xvj
1288 1786 1312 1816 3.
1343 1784 1403 1828 viij
1433 1782 1466 1817 d.
1517 1783 1566 1817 Et

295 1865 317 1897 J
320 1864 447 1898 ohanni
466 1863 607 1898 Masone
624 1865 661 1897 in
679 1865 869 1898 mercedem
889 1865 1017 1899 laboris
1034 1864 1085 1898 sui
1103 1876 1165 1909 per
1188 1870 1338 1909 quatuor
1359 1864 1566 1909 septimanas

295 1946 413 1979 eodem
432 1950 585 1989 tempore
602 1942 657 1978 xlti
672 1947 695 1978 3.
734 1944 785 1978 Et
801 1945 992 1979 W'illielmo
1010 1945 1273 1990 Strathaquhyn
1291 1957 1353 1989 per
1370 1946 1461 1979 idem
1480 1950 1566 1978 tem-

296 2037 360 2069 pus
378 2038 439 2070 per
456 2037 562 2060 unam
575 2025 800 2070 septimanam
818 2026 876 2071 viij
893 2028 917 2059 3.
954 2025 1003 2060 Et
1017 2025 1244 2059 M⁶Lach1ane
1263 2037 1325 2070 per
1341 2037 1447 2059 unam
1465 2024 1566 2069 septi-

294 2117 431 2140 manam
450 2107 509 2151 viij
531 2109 555 2140 Ξ.
607 2106 656 2139 Et
674 2105 843 2140 Duncano
862 2106 1046 2151 Bonyman
1064 2117 1126 2150 pro
1149 2106 1302 2150 quinque
1319 2106 1440 2139 diebus
1459 2106 1519 2150 viij
1540 2109 1564 2139 3.
