1837 2698
643 281 807 313 PONTIS
828 280 1193 313 DUNKELDENSIS.
1493 285 1560 319 139

287 390 336 424 Et
353 402 372 424 a
385 391 478 423 dicto
495 391 720 424 decimonono
734 391 894 425 Octobris
912 388 1075 423 inclusive
1093 390 1176 423 anni
1195 390 1339 433 predicti
1351 390 1387 422 in
1400 390 1491 422 diem
1510 390 1561 422 vi-

285 469 450 515 gefimum
470 472 631 514 quintum
650 470 672 503 J
675 472 808 515 anuarij
829 471 979 516 ejusdem
998 472 1081 505 anni
1099 468 1268 504 exclusive
1288 470 1502 514 capientibus
1521 474 1560 503 ut

284 549 386 594 supra
402 551 554 594 quinque
569 551 734 594 operariis
749 551 798 594 liij
815 553 840 583 ἔ.
854 530 904 596 iioirJ
924 548 956 583 d.
983 550 1033 584 Et
1046 550 1207 583 Findlaio
1221 555 1255 583 et
1267 549 1290 582 J
1292 550 1421 582 ohanni
1435 549 1560 593 Symp-

285 629 363 663 sone
380 635 521 673 propter
539 631 727 664 eorundem
745 629 968 664 affeduetates
986 632 1023 664 in
1036 632 1189 674 querella
1206 632 1300 664 ultra
1317 631 1401 663 alios
1418 641 1443 662 x
1460 633 1484 663 Ξ.
1511 629 1560 662 Et

285 712 451 744 allocatur
474 712 685 754 compotanti
708 712 744 745 in
768 712 980 755 empcionem
1003 713 1153 745 duorum
1179 712 1327 744 millium
1350 709 1560 755 septinginta

285 793 540 837 quinquaginta
557 804 682 825 novem
703 803 847 825 onerum
866 793 1020 835 lapidum
1039 793 1228 825 muralium
1246 803 1307 835 per
1320 796 1456 835 tempus
1470 802 1561 825 com-

284 873 358 916 poti
375 873 410 918 xj
430 873 465 906 li.
483 873 544 917 xiij
564 873 589 905 Ξ.
608 873 645 916 iij
665 870 698 905 d.
749 872 799 906 Et
821 874 990 906 allocatur
1012 873 1122 906 eidem
1145 884 1206 916 per
1228 873 1471 906 liberacionem
1492 873 1561 906 fac-

285 958 357 987 tam
371 953 525 986 Roberto
538 952 659 986 Mason
673 954 716 987 de
729 953 847 996 Cupro
860 964 922 998 per
936 958 1005 986 tres
1019 953 1226 996 septimanas
1240 951 1399 986 existenti
1414 955 1458 986 ad
1472 964 1558 996 opus

284 1034 400 1077 pontis
417 1031 504 1066 xxx‘j
523 1037 547 1066 ἔ.
598 1033 647 1067 Et
676 1045 737 1077 per
766 1034 1007 1067 liberacionem
1034 1034 1160 1067 factam
1190 1033 1212 1066 J
1215 1034 1343 1066 ohanni
1372 1033 1493 1067 Mason
1520 1035 1561 1067 de

286 1113 443 1148 Cartufia
461 1126 523 1158 pro
543 1113 575 1147 se
593 1121 626 1148 et
644 1113 704 1147 suo
720 1114 851 1147 famulo
869 1125 931 1158 pei·
944 1118 1096 1158 quatuor
1109 1112 1317 1157 septimanas
1332 1112 1488 1148 fimiliter
1502 1125 1561 1147 ex-

285 1193 399 1228 istenti
422 1196 465 1228 ad
487 1196 618 1228 dictum
642 1206 728 1238 opus
750 1195 774 1239 lj
794 1196 819 1227 ἔ.
870 1194 919 1227 Et
945 1193 1098 1238 ipsorum
1121 1194 1292 1228 serrorum
1319 1196 1413 1238 apud
1435 1195 1560 1229 Pertht

286 1276 471 1320 bajulatori
491 1276 551 1319 viij
566 1273 599 1308 d.
650 1274 699 1308 Et
717 1276 884 1308 allocatur
898 1275 1008 1308 eidem
1027 1286 1089 1318 per
1103 1275 1344 1309 liberacionem
1362 1276 1489 1309 factam
1502 1275 1525 1308 J
1527 1287 1562 1309 a-

285 1355 367 1388 cobo
386 1354 524 1388 Forrest
549 1360 582 1389 et
600 1354 802 1388 Alexandro
821 1353 1025 1388 Henderson
1052 1352 1097 1387 lie
1111 1353 1220 1396 fillar
1222 1354 1252 1387 is
1277 1366 1341 1399 pro
1367 1366 1438 1389 una
1459 1355 1562 1400 septi-

284 1447 386 1469 mana
403 1440 438 1469 et
455 1436 566 1469 tribus
585 1435 705 1469 diebus
727 1436 770 1468 ad
794 1436 886 1468 idem
910 1446 996 1479 opus
1024 1436 1154 1479 capien.
1173 1436 1354 1507 qsslonbet
1344 1447 1381 1469 111
1399 1437 1453 1469 die
1470 1435 1563 1470 sede-

286 1597 395 1630 eidem
413 1597 450 1630 in
467 1597 681 1639 empcionem
698 1596 803 1629 unius
821 1596 929 1640 mallij
945 1596 1065 1640 magni
1082 1595 1165 1629 ferri
1184 1596 1327 1639 querelli
1346 1596 1562 1629 extendentis

287 1678 329 1710 ad
347 1688 454 1710 unam
471 1681 606 1720 petram
623 1675 679 1710 sex
700 1676 806 1710 libras
825 1687 904 1710 cum
922 1676 1066 1710 dimidio
1082 1676 1166 1710 ferri
1184 1677 1300 1720 precio
1320 1680 1416 1720 petre
1433 1675 1561 1720 septem

288 1756 386 1791 solidi
404 1757 547 1790 Summa
565 1758 601 1790 ix
620 1760 645 1790 S.
664 1758 699 1790 ix
717 1754 751 1789 d.
801 1756 851 1789 Et
876 1757 914 1790 in
939 1757 1151 1800 empcionem
1178 1758 1282 1790 unius
1312 1754 1358 1789 lie
1376 1754 1500 1801 piylcis
1517 1757 1560 1789 ad

286 1837 473 1880 querellam
492 1815 541 1880 iffi}
563 1838 588 1869 ἔ.
601 1836 616 1879 j
637 1833 670 1868 d.
721 1835 770 1868 Et
788 1836 956 1869 allocatur
973 1836 1084 1869 eidem
1101 1847 1164 1880 per
1174 1836 1415 1869 liberacionem
1430 1835 1558 1869 factam

286 1916 309 1950 J
310 1917 439 1950 ohanni
452 1917 541 1950 Dow
554 1928 618 1959 pro
631 1917 744 1949 nawlo
758 1916 961 1961 garcionum
975 1916 1018 1949 ad
1032 1916 1180 1950 cimbam
1194 1914 1335 1949 diverfis
1351 1915 1484 1948 vicibus
1497 1926 1559 1959 per

285 2003 421 2042 tempus
439 1998 588 2041 compoti
605 1997 664 2042 xvj
684 1994 717 2030 d.
771 1996 820 2030 Et
836 1997 874 2030 in
891 1997 1103 2040 empcionem
1116 1997 1220 2030 unius
1234 1997 1329 2040 pai-ie
1342 1994 1388 2030 lie
1401 1994 1502 2029 navis
1515 1997 1557 2029 ad

284 2079 510 2112 conficiendas
533 2078 633 2112 redas
662 2078 710 2123 xij
735 2075 770 2112 d.
838 2077 887 2111 Et
909 2078 1075 2112 allocatur
1097 2078 1208 2111 eidem
1234 2088 1295 2121 per
1316 2076 1556 2111 liberacionem
