<?xml version="1.0" encoding="UTF-8"?>
<!DOCTYPE html PUBLIC "-//W3C//DTD XHTML 1.0 Transitional//EN"
    "http://www.w3.org/TR/xhtml1/DTD/xhtml1-transitional.dtd">
<html xmlns="http://www.w3.org/1999/xhtml" xml:lang="en" lang="en">
 <head>
  <title>
</title>
<meta http-equiv="Content-Type" content="text/html;charset=utf-8" />
  <meta name='ocr-system' content='tesseract 3.04.00' />
  <meta name='ocr-capabilities' content='ocr_page ocr_carea ocr_par ocr_line ocrx_word'/>
</head>
<body>
  <div class='ocr_page' id='page_1' title='image "./vitaedunkeldensi00myln_0030.png"; bbox 0 0 1837 2698; ppageno 0'>
   <div class='ocr_carea' id='block_1_1' title="bbox 108 1167 318 1198">
    <p class='ocr_par' dir='ltr' id='par_1_1' title="bbox 108 1167 318 1198">
     <span class='ocr_line' id='line_1_1' title="bbox 108 1167 318 1198; baseline 0 -1"><span class='ocrx_word' id='word_1_1' title='bbox 108 1168 148 1198; x_wconf 85' lang='lat' dir='ltr'>A.</span> <span class='ocrx_word' id='word_1_2' title='bbox 164 1167 205 1197; x_wconf 88' lang='lat' dir='ltr'>D.</span> <span class='ocrx_word' id='word_1_3' title='bbox 228 1169 318 1198; x_wconf 80' lang='lat'>1203.</span> 
     </span>
    </p>
   </div>
   <div class='ocr_carea' id='block_1_2' title="bbox 336 321 1455 358">
    <p class='ocr_par' dir='ltr' id='par_1_2' title="bbox 336 321 1455 358">
     <span class='ocr_line' id='line_1_2' title="bbox 336 321 1455 358; baseline -0.003 0"><span class='ocrx_word' id='word_1_4' title='bbox 336 328 356 358; x_wconf 89' lang='lat'>8</span> <span class='ocrx_word' id='word_1_5' title='bbox 528 323 668 355; x_wconf 89' lang='lat' dir='ltr'>VITAE</span> <span class='ocrx_word' id='word_1_6' title='bbox 690 322 1025 355; x_wconf 87' lang='lat' dir='ltr'>EPISCOPORUM</span> <span class='ocrx_word' id='word_1_7' title='bbox 1048 321 1455 355; x_wconf 88' lang='lat' dir='ltr'>DUNKELDENSIUM.</span> 
     </span>
    </p>
   </div>
   <div class='ocr_carea' id='block_1_3' title="bbox 341 431 1636 1772">
    <p class='ocr_par' dir='ltr' id='par_1_3' title="bbox 341 431 1636 1772">
     <span class='ocr_line' id='line_1_3' title="bbox 346 431 1635 479; baseline -0.002 -12"><span class='ocrx_word' id='word_1_8' title='bbox 346 433 622 479; x_wconf 76' lang='lat' dir='ltr'>indignationem</span> <span class='ocrx_word' id='word_1_9' title='bbox 649 438 766 467; x_wconf 83' lang='lat' dir='ltr'>tamen</span> <span class='ocrx_word' id='word_1_10' title='bbox 792 434 884 478; x_wconf 88' lang='lat' dir='ltr'>regis</span> <span class='ocrx_word' id='word_1_11' title='bbox 903 431 1043 466; x_wconf 85' lang='lat' dir='ltr'>sufferre</span> <span class='ocrx_word' id='word_1_12' title='bbox 1068 444 1139 466; x_wconf 89' lang='lat' dir='ltr'>non</span> <span class='ocrx_word' id='word_1_13' title='bbox 1158 435 1288 472; x_wconf 83' lang='lat' dir='ltr'>valens,</span> <span class='ocrx_word' id='word_1_14' title='bbox 1315 433 1464 466; x_wconf 87' lang='lat' dir='ltr'>Romam</span> <span class='ocrx_word' id='word_1_15' title='bbox 1481 433 1635 476; x_wconf 84' lang='lat' dir='ltr'>repedia-</span> 
     </span>
     <span class='ocr_line' id='line_1_4' title="bbox 347 513 1634 558; baseline 0 -12"><span class='ocrx_word' id='word_1_16' title='bbox 347 515 407 548; x_wconf 87' lang='lat' dir='ltr'>vit.</span> <span class='ocrx_word' id='word_1_17' title='bbox 458 513 513 548; x_wconf 88' lang='lat' dir='ltr'>Ac</span> <span class='ocrx_word' id='word_1_18' title='bbox 530 515 590 548; x_wconf 90' lang='lat' dir='ltr'>ubi</span> <span class='ocrx_word' id='word_1_19' title='bbox 618 514 714 558; x_wconf 89' lang='lat' dir='ltr'>Papa</span> <span class='ocrx_word' id='word_1_20' title='bbox 740 518 933 547; x_wconf 88' lang='lat' dir='ltr'>commotus</span> <span class='ocrx_word' id='word_1_21' title='bbox 951 515 1063 547; x_wconf 90' lang='lat' dir='ltr'>voluit</span> <span class='ocrx_word' id='word_1_22' title='bbox 1088 514 1239 548; x_wconf 83' lang='lat' dir='ltr'>Scotiam</span> <span class='ocrx_word' id='word_1_23' title='bbox 1265 515 1480 553; x_wconf 83' lang='lat' dir='ltr'>interdicere,</span> <span class='ocrx_word' id='word_1_24' title='bbox 1506 514 1634 557; x_wconf 87' lang='lat' dir='ltr'>episco-</span> 
     </span>
     <span class='ocr_line' id='line_1_5' title="bbox 343 594 1634 640; baseline 0 -12"><span class='ocrx_word' id='word_1_25' title='bbox 343 607 407 639; x_wconf 88' lang='lat' dir='ltr'>pus</span> <span class='ocrx_word' id='word_1_26' title='bbox 425 594 448 628; x_wconf 86' lang='lat' dir='ltr'><strong>J</strong></span> <span class='ocrx_word' id='word_1_27' title='bbox 450 595 603 629; x_wconf 87' lang='lat' dir='ltr'>ohannes</span> <span class='ocrx_word' id='word_1_28' title='bbox 622 595 755 639; x_wconf 83' lang='lat' dir='ltr'><strong>Papam</strong></span> <span class='ocrx_word' id='word_1_29' title='bbox 779 594 848 628; x_wconf 87' lang='lat' dir='ltr'>suis</span> <span class='ocrx_word' id='word_1_30' title='bbox 866 595 1025 638; x_wconf 85' lang='lat' dir='ltr'>precibus</span> <span class='ocrx_word' id='word_1_31' title='bbox 1052 596 1241 640; x_wconf 85' lang='lat' dir='ltr'>mitigavit,</span> <span class='ocrx_word' id='word_1_32' title='bbox 1268 596 1414 628; x_wconf 86' lang='lat' dir='ltr'>mallens</span> <span class='ocrx_word' id='word_1_33' title='bbox 1431 595 1634 628; x_wconf 81' lang='lat' dir='ltr'>renunciare</span> 
     </span>
     <span class='ocr_line' id='line_1_6' title="bbox 341 674 1634 720; baseline -0.001 -11"><span class='ocrx_word' id='word_1_34' title='bbox 341 677 415 720; x_wconf 89' lang='lat' dir='ltr'>juri</span> <span class='ocrx_word' id='word_1_35' title='bbox 433 674 494 709; x_wconf 92' lang='lat' dir='ltr'>suo</span> <span class='ocrx_word' id='word_1_36' title='bbox 512 687 619 720; x_wconf 89' lang='lat' dir='ltr'>quam</span> <span class='ocrx_word' id='word_1_37' title='bbox 642 687 750 709; x_wconf 88' lang='lat' dir='ltr'>unam</span> <span class='ocrx_word' id='word_1_38' title='bbox 774 674 907 709; x_wconf 79' lang='lat' dir='ltr'>miffam</span> <span class='ocrx_word' id='word_1_39' title='bbox 934 676 1125 719; x_wconf 82' lang='lat' dir='ltr'>impedire3</span> <span class='ocrx_word' id='word_1_40' title='bbox 1153 681 1186 709; x_wconf 90' lang='lat' dir='ltr'>et</span> <span class='ocrx_word' id='word_1_41' title='bbox 1213 674 1257 710; x_wconf 87' lang='lat' dir='ltr'>fic</span> <span class='ocrx_word' id='word_1_42' title='bbox 1283 677 1319 709; x_wconf 90' lang='lat' dir='ltr'>in</span> <span class='ocrx_word' id='word_1_43' title='bbox 1345 677 1442 709; x_wconf 86' lang='lat' dir='ltr'>curia</span> <span class='ocrx_word' id='word_1_44' title='bbox 1458 675 1634 719; x_wconf 85' lang='lat' dir='ltr'>septennio</span> 
     </span>
     <span class='ocr_line' id='line_1_7' title="bbox 345 755 1634 801; baseline -0.001 -11"><span class='ocrx_word' id='word_1_45' title='bbox 345 756 450 790; x_wconf 89' lang='lat' dir='ltr'>stetit.</span> <span class='ocrx_word' id='word_1_46' title='bbox 503 757 650 790; x_wconf 82' lang='lat' dir='ltr'>Interim</span> <span class='ocrx_word' id='word_1_47' title='bbox 676 762 821 790; x_wconf 87' lang='lat' dir='ltr'>vacante</span> <span class='ocrx_word' id='word_1_48' title='bbox 848 755 983 790; x_wconf 84' lang='lat' dir='ltr'>ecclefia</span> <span class='ocrx_word' id='word_1_49' title='bbox 1009 755 1256 796; x_wconf 85' lang='lat' dir='ltr'>Dunkeldenfi,</span> <span class='ocrx_word' id='word_1_50' title='bbox 1282 755 1443 790; x_wconf 89' lang='lat' dir='ltr'>consensu</span> <span class='ocrx_word' id='word_1_51' title='bbox 1470 757 1566 801; x_wconf 84' lang='lat' dir='ltr'>regio</span> <span class='ocrx_word' id='word_1_52' title='bbox 1592 757 1634 788; x_wconf 89' lang='lat' dir='ltr'>ad</span> 
     </span>
     <span class='ocr_line' id='line_1_8' title="bbox 345 835 1636 881; baseline -0.001 -10"><span class='ocrx_word' id='word_1_53' title='bbox 345 848 420 871; x_wconf 88' lang='lat' dir='ltr'>eam</span> <span class='ocrx_word' id='word_1_54' title='bbox 447 838 635 881; x_wconf 83' lang='lat' dir='ltr'>preficitur.</span> <span class='ocrx_word' id='word_1_55' title='bbox 688 838 756 871; x_wconf 90' lang='lat' dir='ltr'>Hic</span> <span class='ocrx_word' id='word_1_56' title='bbox 782 835 898 871; x_wconf 90' lang='lat' dir='ltr'>divifit</span> <span class='ocrx_word' id='word_1_57' title='bbox 924 835 1083 871; x_wconf 86' lang='lat' dir='ltr'>diocefim</span> <span class='ocrx_word' id='word_1_58' title='bbox 1105 836 1394 876; x_wconf 73' lang='lat' dir='ltr'>DunkeMensem,</span> <span class='ocrx_word' id='word_1_59' title='bbox 1422 843 1455 870; x_wconf 87' lang='lat' dir='ltr'>et</span> <span class='ocrx_word' id='word_1_60' title='bbox 1481 849 1542 880; x_wconf 85' lang='lat' dir='ltr'>per</span> <span class='ocrx_word' id='word_1_61' title='bbox 1559 838 1636 870; x_wconf 85' lang='lat' dir='ltr'>lite-</span> 
     </span>
     <span class='ocr_line' id='line_1_9' title="bbox 345 918 1635 964; baseline -0.001 -12"><span class='ocrx_word' id='word_1_62' title='bbox 345 930 401 952; x_wconf 86' lang='lat' dir='ltr'>ras</span> <span class='ocrx_word' id='word_1_63' title='bbox 419 918 496 952; x_wconf 87' lang='lat' dir='ltr'>suas</span> <span class='ocrx_word' id='word_1_64' title='bbox 515 931 535 952; x_wconf 88' lang='lat' dir='ltr'>a</span> <span class='ocrx_word' id='word_1_65' title='bbox 555 919 651 962; x_wconf 83' lang='lat' dir='ltr'>Papa</span> <span class='ocrx_word' id='word_1_66' title='bbox 677 919 842 958; x_wconf 82' lang='lat' dir='ltr'>obtinuit,</span> <span class='ocrx_word' id='word_1_67' title='bbox 868 924 908 952; x_wconf 87' lang='lat' dir='ltr'>ut</span> <span class='ocrx_word' id='word_1_68' title='bbox 926 919 1079 953; x_wconf 88' lang='lat' dir='ltr'>Eraldus</span> <span class='ocrx_word' id='word_1_69' title='bbox 1101 920 1176 964; x_wconf 85' lang='lat' dir='ltr'>ejus</span> <span class='ocrx_word' id='word_1_70' title='bbox 1197 920 1393 963; x_wconf 80' lang='lat' dir='ltr'>capellanus</span> <span class='ocrx_word' id='word_1_71' title='bbox 1413 918 1635 963; x_wconf 81' lang='lat' dir='ltr'>Ergadienfis</span> 
     </span>
     <span class='ocr_line' id='line_1_10' title="bbox 345 999 1635 1044; baseline -0.001 -11"><span class='ocrx_word' id='word_1_72' title='bbox 345 1000 440 1033; x_wconf 88' lang='lat' dir='ltr'>fieret</span> <span class='ocrx_word' id='word_1_73' title='bbox 459 999 644 1044; x_wconf 85' lang='lat' dir='ltr'>episcopus.</span> <span class='ocrx_word' id='word_1_74' title='bbox 697 999 856 1033; x_wconf 85' lang='lat' dir='ltr'>Tandem</span> <span class='ocrx_word' id='word_1_75' title='bbox 874 1001 997 1044; x_wconf 92' lang='lat' dir='ltr'>plenus</span> <span class='ocrx_word' id='word_1_76' title='bbox 1012 1000 1203 1034; x_wconf 86' lang='lat' dir='ltr'>virtutibus</span> <span class='ocrx_word' id='word_1_77' title='bbox 1222 1001 1257 1032; x_wconf 89' lang='lat' dir='ltr'>in</span> <span class='ocrx_word' id='word_1_78' title='bbox 1271 1000 1444 1033; x_wconf 87' lang='lat' dir='ltr'>senectute</span> <span class='ocrx_word' id='word_1_79' title='bbox 1456 999 1546 1032; x_wconf 90' lang='lat' dir='ltr'>bona</span> <span class='ocrx_word' id='word_1_80' title='bbox 1563 1011 1635 1033; x_wconf 91' lang='lat' dir='ltr'>mo-</span> 
     </span>
     <span class='ocr_line' id='line_1_11' title="bbox 346 1079 1634 1120; baseline 0 -7"><span class='ocrx_word' id='word_1_81' title='bbox 346 1081 459 1113; x_wconf 85' lang='lat' dir='ltr'>ritur:</span> <span class='ocrx_word' id='word_1_82' title='bbox 485 1082 521 1114; x_wconf 88' lang='lat' dir='ltr'>in</span> <span class='ocrx_word' id='word_1_83' title='bbox 548 1081 654 1114; x_wconf 90' lang='lat' dir='ltr'>choro</span> <span class='ocrx_word' id='word_1_84' title='bbox 671 1079 905 1114; x_wconf 80' lang='lat' dir='ltr'>monasteriali</span> <span class='ocrx_word' id='word_1_85' title='bbox 931 1082 973 1114; x_wconf 91' lang='lat' dir='ltr'>de</span> <span class='ocrx_word' id='word_1_86' title='bbox 992 1081 1211 1120; x_wconf 85' lang='lat' dir='ltr'>Newbottill‚</span> <span class='ocrx_word' id='word_1_87' title='bbox 1237 1091 1329 1113; x_wconf 86' lang='lat' dir='ltr'>anno</span> <span class='ocrx_word' id='word_1_88' title='bbox 1348 1081 1480 1113; x_wconf 91' lang='lat' dir='ltr'>domini</span> <span class='ocrx_word' id='word_1_89' title='bbox 1498 1079 1634 1113; x_wconf 87' lang='lat' dir='ltr'>millefi-</span> 
     </span>
     <span class='ocr_line' id='line_1_12' title="bbox 346 1159 1633 1205; baseline 0 -11"><span class='ocrx_word' id='word_1_90' title='bbox 346 1172 403 1194; x_wconf 88' lang='lat' dir='ltr'>mo</span> <span class='ocrx_word' id='word_1_91' title='bbox 434 1159 665 1194; x_wconf 78' lang='lat' dir='ltr'>ducentesimo</span> <span class='ocrx_word' id='word_1_92' title='bbox 691 1162 809 1201; x_wconf 87' lang='lat' dir='ltr'>tercio,</span> <span class='ocrx_word' id='word_1_93' title='bbox 837 1160 1020 1205; x_wconf 86' lang='lat' dir='ltr'>postquam</span> <span class='ocrx_word' id='word_1_94' title='bbox 1046 1172 1118 1195; x_wconf 83' lang='lat' dir='ltr'>xxv</span> <span class='ocrx_word' id='word_1_95' title='bbox 1144 1162 1243 1195; x_wconf 86' lang='lat' dir='ltr'>annis</span> <span class='ocrx_word' id='word_1_96' title='bbox 1261 1159 1402 1200; x_wconf 80' lang='lat' dir='ltr'>sediffet,</span> <span class='ocrx_word' id='word_1_97' title='bbox 1428 1162 1471 1194; x_wconf 82' lang='lat' dir='ltr'>ad</span> <span class='ocrx_word' id='word_1_98' title='bbox 1499 1166 1633 1205; x_wconf 86' lang='lat' dir='ltr'>partem</span> 
     </span>
     <span class='ocr_line' id='line_1_13' title="bbox 347 1241 1633 1286; baseline 0 -10"><span class='ocrx_word' id='word_1_99' title='bbox 347 1243 519 1276; x_wconf 86' lang='lat' dir='ltr'>borealem</span> <span class='ocrx_word' id='word_1_100' title='bbox 536 1241 689 1286; x_wconf 87' lang='lat' dir='ltr'>sepultus</span> <span class='ocrx_word' id='word_1_101' title='bbox 707 1241 766 1281; x_wconf 86' lang='lat' dir='ltr'>est,</span> <span class='ocrx_word' id='word_1_102' title='bbox 792 1242 853 1275; x_wconf 87' lang='lat' dir='ltr'>ubi</span> <span class='ocrx_word' id='word_1_103' title='bbox 871 1243 978 1276; x_wconf 84' lang='lat' dir='ltr'>claret</span> <span class='ocrx_word' id='word_1_104' title='bbox 1004 1243 1189 1276; x_wconf 82' lang='lat' dir='ltr'>miraculis.</span> <span class='ocrx_word' id='word_1_105' title='bbox 1242 1242 1352 1286; x_wconf 89' lang='lat' dir='ltr'>Cujus</span> <span class='ocrx_word' id='word_1_106' title='bbox 1372 1242 1482 1275; x_wconf 86' lang='lat' dir='ltr'>vitam</span> <span class='ocrx_word' id='word_1_107' title='bbox 1500 1241 1633 1286; x_wconf 76' lang='lat' dir='ltr'>scripfit</span> 
     </span>
     <span class='ocr_line' id='line_1_14' title="bbox 346 1322 1630 1368; baseline -0.001 -11"><span class='ocrx_word' id='word_1_108' title='bbox 346 1324 544 1357; x_wconf 48' lang='lat' dir='ltr'>&amp;Villelmus</span> <span class='ocrx_word' id='word_1_109' title='bbox 572 1323 732 1368; x_wconf 85' lang='lat' dir='ltr'>Benyng‚</span> <span class='ocrx_word' id='word_1_110' title='bbox 750 1324 862 1357; x_wconf 86' lang='lat' dir='ltr'>dictae</span> <span class='ocrx_word' id='word_1_111' title='bbox 880 1324 1002 1357; x_wconf 86' lang='lat' dir='ltr'>domus</span> <span class='ocrx_word' id='word_1_112' title='bbox 1027 1324 1134 1367; x_wconf 85' lang='lat' dir='ltr'>prior,</span> <span class='ocrx_word' id='word_1_113' title='bbox 1160 1328 1280 1366; x_wconf 82' lang='lat' dir='ltr'>postea</span> <span class='ocrx_word' id='word_1_114' title='bbox 1297 1322 1402 1356; x_wconf 85' lang='lat' dir='ltr'>abbas</span> <span class='ocrx_word' id='word_1_115' title='bbox 1428 1323 1470 1356; x_wconf 89' lang='lat' dir='ltr'>de</span> <span class='ocrx_word' id='word_1_116' title='bbox 1488 1323 1630 1367; x_wconf 87' lang='lat' dir='ltr'>Cupro;</span> 
     </span>
     <span class='ocr_line' id='line_1_15' title="bbox 343 1402 1633 1450; baseline -0.001 -12"><span class='ocrx_word' id='word_1_117' title='bbox 343 1406 441 1450; x_wconf 87' lang='lat' dir='ltr'>cujus</span> <span class='ocrx_word' id='word_1_118' title='bbox 465 1405 538 1438; x_wconf 94' lang='lat' dir='ltr'>divi</span> <span class='ocrx_word' id='word_1_119' title='bbox 564 1405 715 1448; x_wconf 84' lang='lat' dir='ltr'>episcopi</span> <span class='ocrx_word' id='word_1_120' title='bbox 747 1415 810 1448; x_wconf 85' lang='lat' dir='ltr'>ego</span> <span class='ocrx_word' id='word_1_121' title='bbox 837 1402 974 1437; x_wconf 80' lang='lat' dir='ltr'>visitavi</span> <span class='ocrx_word' id='word_1_122' title='bbox 1007 1402 1227 1447; x_wconf 86' lang='lat' dir='ltr'>sepulchrum</span> <span class='ocrx_word' id='word_1_123' title='bbox 1252 1404 1317 1437; x_wconf 88' lang='lat' dir='ltr'>hoc</span> <span class='ocrx_word' id='word_1_124' title='bbox 1342 1403 1473 1437; x_wconf 84' lang='lat' dir='ltr'>habens</span> <span class='ocrx_word' id='word_1_125' title='bbox 1499 1404 1633 1447; x_wconf 88' lang='lat' dir='ltr'>epitha-</span> 
     </span>
     <span class='ocr_line' id='line_1_16' title="bbox 342 1482 1630 1528; baseline -0.001 -10"><span class='ocrx_word' id='word_1_126' title='bbox 342 1485 476 1528; x_wconf 88' lang='lat' dir='ltr'>phium,</span> <span class='ocrx_word' id='word_1_127' title='bbox 504 1488 524 1502; x_wconf 91' lang='lat'><strong>“</strong></span> <span class='ocrx_word' id='word_1_128' title='bbox 543 1484 663 1518; x_wconf 90' lang='lat' dir='ltr'>Presul</span> <span class='ocrx_word' id='word_1_129' title='bbox 680 1485 856 1528; x_wconf 84' lang='lat' dir='ltr'>propicius</span> <span class='ocrx_word' id='word_1_130' title='bbox 880 1482 1012 1517; x_wconf 88' lang='lat' dir='ltr'>miseris</span> <span class='ocrx_word' id='word_1_131' title='bbox 1027 1483 1185 1518; x_wconf 85' lang='lat' dir='ltr'>succurre</span> <span class='ocrx_word' id='word_1_132' title='bbox 1209 1484 1398 1523; x_wconf 86' lang='lat' dir='ltr'>Johannes,</span> <span class='ocrx_word' id='word_1_133' title='bbox 1416 1484 1490 1522; x_wconf 49' lang='lat' dir='ltr'>Qui*</span> <span class='ocrx_word' id='word_1_134' title='bbox 1503 1484 1630 1517; x_wconf 81' lang='lat' dir='ltr'>crebris</span> 
     </span>
     <span class='ocr_line' id='line_1_17' title="bbox 343 1538 1630 1610; baseline -0.001 -11"><span class='ocrx_word' id='word_1_135' title='bbox 343 1566 466 1610; x_wconf 87' lang='lat' dir='ltr'>opibus</span> <span class='ocrx_word' id='word_1_136' title='bbox 492 1538 631 1599; x_wconf 85' lang='lat' dir='ltr'>morbos</span> <span class='ocrx_word' id='word_1_137' title='bbox 657 1577 736 1599; x_wconf 92' lang='lat' dir='ltr'>cum</span> <span class='ocrx_word' id='word_1_138' title='bbox 766 1566 910 1598; x_wconf 86' lang='lat' dir='ltr'>crimine</span> <span class='ocrx_word' id='word_1_139' title='bbox 940 1566 1054 1598; x_wconf 76' lang='lat' dir='ltr'>(lelis.”</span> <span class='ocrx_word' id='word_1_140' title='bbox 1106 1565 1143 1598; x_wconf 89' lang='lat' dir='ltr'>Si</span> <span class='ocrx_word' id='word_1_141' title='bbox 1168 1566 1247 1608; x_wconf 89' lang='lat' dir='ltr'>quis</span> <span class='ocrx_word' id='word_1_142' title='bbox 1277 1566 1425 1608; x_wconf 87' lang='lat' dir='ltr'>amplius</span> <span class='ocrx_word' id='word_1_143' title='bbox 1457 1566 1499 1597; x_wconf 90' lang='lat' dir='ltr'>de</span> <span class='ocrx_word' id='word_1_144' title='bbox 1525 1566 1630 1609; x_wconf 90' lang='lat' dir='ltr'>hujus</span> 
     </span>
     <span class='ocr_line' id='line_1_18' title="bbox 343 1627 1631 1691; baseline -0.001 -11"><span class='ocrx_word' id='word_1_145' title='bbox 343 1647 451 1680; x_wconf 74' lang='lat' dir='ltr'>lancti</span> <span class='ocrx_word' id='word_1_146' title='bbox 473 1645 620 1691; x_wconf 86' lang='lat' dir='ltr'>episcopi</span> <span class='ocrx_word' id='word_1_147' title='bbox 639 1648 713 1680; x_wconf 88' lang='lat' dir='ltr'>vita</span> <span class='ocrx_word' id='word_1_148' title='bbox 736 1647 902 1690; x_wconf 83' lang='lat' dir='ltr'>indagare</span> <span class='ocrx_word' id='word_1_149' title='bbox 925 1647 1085 1685; x_wconf 87' lang='lat' dir='ltr'>voluerit,</span> <span class='ocrx_word' id='word_1_150' title='bbox 1110 1627 1377 1691; x_wconf 20' lang='lat' dir='ltr'>legat-libellum</span> <span class='ocrx_word' id='word_1_151' title='bbox 1401 1657 1506 1689; x_wconf 88' lang='lat' dir='ltr'>quem</span> <span class='ocrx_word' id='word_1_152' title='bbox 1528 1645 1631 1690; x_wconf 88' lang='lat' dir='ltr'>scrip-</span> 
     </span>
     <span class='ocr_line' id='line_1_19' title="bbox 344 1725 1631 1772; baseline 0.001 -12"><span class='ocrx_word' id='word_1_153' title='bbox 344 1726 385 1761; x_wconf 84' lang='lat' dir='ltr'>fit</span> <span class='ocrx_word' id='word_1_154' title='bbox 402 1738 550 1772; x_wconf 87' lang='lat' dir='ltr'>magnus</span> <span class='ocrx_word' id='word_1_155' title='bbox 570 1729 626 1761; x_wconf 92' lang='lat' dir='ltr'>ille</span> <span class='ocrx_word' id='word_1_156' title='bbox 644 1727 798 1760; x_wconf 86' lang='lat' dir='ltr'>Thomas</span> <span class='ocrx_word' id='word_1_157' title='bbox 817 1726 978 1766; x_wconf 85' lang='lat' dir='ltr'>Lawder,</span> <span class='ocrx_word' id='word_1_158' title='bbox 1001 1726 1088 1761; x_wconf 86' lang='lat' dir='ltr'>sedis</span> <span class='ocrx_word' id='word_1_159' title='bbox 1107 1728 1281 1771; x_wconf 86' lang='lat' dir='ltr'>predictae</span> <span class='ocrx_word' id='word_1_160' title='bbox 1298 1725 1486 1771; x_wconf 85' lang='lat' dir='ltr'>episcopus,</span> <span class='ocrx_word' id='word_1_161' title='bbox 1506 1729 1543 1761; x_wconf 91' lang='lat' dir='ltr'>in</span> <span class='ocrx_word' id='word_1_162' title='bbox 1561 1739 1631 1761; x_wconf 92' lang='lat' dir='ltr'>uno</span> 
     </span>
    </p>
   </div>
   <div class='ocr_carea' id='block_1_4' title="bbox 346 1805 1569 1853">
    <p class='ocr_par' dir='ltr' id='par_1_4' title="bbox 346 1805 1569 1853">
     <span class='ocr_line' id='line_1_20' title="bbox 346 1805 1569 1853; baseline 0.001 -13"><span class='ocrx_word' id='word_1_163' title='bbox 346 1808 523 1841; x_wconf 88' lang='lat' dir='ltr'>volumine</span> <span class='ocrx_word' id='word_1_164' title='bbox 541 1819 619 1841; x_wconf 89' lang='lat' dir='ltr'>cum</span> <span class='ocrx_word' id='word_1_165' title='bbox 634 1807 719 1841; x_wconf 86' lang='lat' dir='ltr'>Vita</span> <span class='ocrx_word' id='word_1_166' title='bbox 737 1807 852 1840; x_wconf 87' lang='lat' dir='ltr'>Sancti</span> <span class='ocrx_word' id='word_1_167' title='bbox 869 1807 1057 1841; x_wconf 88' lang='lat' dir='ltr'>Columbae</span> <span class='ocrx_word' id='word_1_168' title='bbox 1071 1809 1284 1853; x_wconf 82' lang='lat' dir='ltr'>colligatum.</span> <span class='ocrx_word' id='word_1_169' title='bbox 1336 1808 1402 1841; x_wconf 90' lang='lat' dir='ltr'>Cui</span> <span class='ocrx_word' id='word_1_170' title='bbox 1420 1805 1569 1842; x_wconf 82' lang='lat' dir='ltr'>succeffit</span> 
     </span>
    </p>
   </div>
   <div class='ocr_carea' id='block_1_5' title="bbox 392 2051 1628 2099">
    <p class='ocr_par' dir='ltr' id='par_1_5' title="bbox 392 2051 1628 2099">
     <span class='ocr_line' id='line_1_21' title="bbox 392 2051 1628 2099; baseline 0.002 -15"><span class='ocrx_word' id='word_1_171' title='bbox 392 2051 415 2084; x_wconf 89' lang='lat' dir='ltr'><strong>J</strong></span> <span class='ocrx_word' id='word_1_172' title='bbox 418 2051 599 2086; x_wconf 92' lang='lat' dir='ltr'>OHANN</span> <span class='ocrx_word' id='word_1_173' title='bbox 602 2052 661 2086; x_wconf 86' lang='lat' dir='ltr'>ES</span> <span class='ocrx_word' id='word_1_174' title='bbox 681 2053 748 2087; x_wconf 90' lang='lat' dir='ltr'>DE</span> <span class='ocrx_word' id='word_1_175' title='bbox 769 2053 1045 2094; x_wconf 87' lang='lat' dir='ltr'>LACESTER,</span> <span class='ocrx_word' id='word_1_176' title='bbox 1059 2058 1228 2099; x_wconf 82' lang='lat' dir='ltr'>cognatus</span> <span class='ocrx_word' id='word_1_177' title='bbox 1246 2053 1354 2098; x_wconf 88' lang='lat' dir='ltr'>Regis</span> <span class='ocrx_word' id='word_1_178' title='bbox 1371 2052 1550 2092; x_wconf 85' lang='lat' dir='ltr'>Willelmi,</span> <span class='ocrx_word' id='word_1_179' title='bbox 1568 2055 1628 2096; x_wconf 89' lang='lat' dir='ltr'>qui</span> 
     </span>
    </p>
   </div>
   <div class='ocr_carea' id='block_1_6' title="bbox 343 2130 1627 2178">
    <p class='ocr_par' dir='ltr' id='par_1_6' title="bbox 343 2130 1627 2178">
     <span class='ocr_line' id='line_1_22' title="bbox 343 2130 1627 2178; baseline 0.002 -13"><span class='ocrx_word' id='word_1_180' title='bbox 343 2130 523 2176; x_wconf 88' lang='lat' dir='ltr'>postquam</span> <span class='ocrx_word' id='word_1_181' title='bbox 545 2134 644 2167; x_wconf 86' lang='lat' dir='ltr'>annis</span> <span class='ocrx_word' id='word_1_182' title='bbox 666 2135 824 2168; x_wconf 89' lang='lat' dir='ltr'>undecim</span> <span class='ocrx_word' id='word_1_183' title='bbox 849 2135 1006 2178; x_wconf 83' lang='lat' dir='ltr'>pontifex</span> <span class='ocrx_word' id='word_1_184' title='bbox 1023 2133 1165 2174; x_wconf 76' lang='lat' dir='ltr'>sedisset,</span> <span class='ocrx_word' id='word_1_185' title='bbox 1187 2135 1279 2178; x_wconf 91' lang='lat' dir='ltr'>apud</span> <span class='ocrx_word' id='word_1_186' title='bbox 1297 2133 1508 2168; x_wconf 89' lang='lat' dir='ltr'>Crawmund</span> <span class='ocrx_word' id='word_1_187' title='bbox 1532 2133 1627 2172; x_wconf 84' lang='lat' dir='ltr'>obiit,</span> 
     </span>
    </p>
   </div>
  </div>
 </body>
</html>
