1837 2698
298 300 343 331 32
474 295 613 326 VITAE
636 294 964 326 EPISCOPORUM
986 292 1396 326 DUNKELDENSIUM.

302 405 337 437 in
355 403 561 438 testamento
580 405 771 443 mandavit,
788 403 850 437 sub
868 403 1098 437 anathematis
1116 414 1237 447 poena,
1255 401 1387 436 easdem
1411 407 1521 436 terras
1539 402 1581 435 de

303 485 451 518 Fordale
469 486 512 518 ad
530 484 627 518 usum
647 482 802 517 ecclesiae
820 485 992 517 reducere.
1044 483 1186 518 Titulus
1205 488 1321 517 autem
1339 488 1460 517 contra
1478 483 1582 516 eccle-

303 563 387 598 fiam
405 566 573 610 allegatus
592 570 676 604 erat,
694 566 786 609 quod
805 569 916 597 terrae
934 564 1026 597 dicto
1043 563 1066 596 J
1068 564 1174 597 acobo
1192 564 1431 608 Fothringaye
1449 563 1582 596 heredi-

304 647 390 678 tarie
414 645 643 689 pertinebant,
661 645 703 677 de
724 644 883 688 supremo
908 645 1048 677 domino
1074 643 1191 678 nostro
1208 645 1305 689 Rege
1331 648 1447 677 tentae
1470 649 1580 676 erant.

304 726 371 759 Sed
396 738 432 759 re
451 737 532 758 vera
557 725 607 758 ita
631 736 701 758 non
718 730 803 764 erat,
821 723 906 758 ficut
924 736 966 758 ex
984 724 1127 770 registro
1146 723 1301 758 eeclefiae
1319 729 1353 758 et
1371 722 1579 757 instrumen-

310 808 352 840 tis
370 807 522 839 inventis
541 811 647 849 patet,
665 807 758 849 quod
779 806 971 839 Duncanus
989 805 1176 849 episcopus,
1190 805 1348 838 VValtero
1367 806 1408 838 de
1424 805 1587 838 Fothrin-

308 899 377 931 gay
395 892 429 920 et
448 888 550 920 certis
569 887 776 919 haeredibus
794 898 858 930 pro
875 887 1109 931 quadraginta
1125 886 1240 920 solidis
1257 887 1386 919 locavit
1401 896 1410 926 3
1450 890 1484 918 et
1507 886 1589 929 quia

309 970 546 1002 calamitatum
563 972 728 1011 tempore,
746 973 860 1001 cartae
877 968 989 1001 dictae
1007 965 1174 1006 ecclesiae,
1191 972 1231 1000 ut
1247 966 1371 1005 fertur,
1388 977 1452 1010 pro
1470 964 1587 999 secura

311 1061 429 1084 earum
448 1048 601 1082 custodia
618 1050 710 1092 apud
728 1047 855 1082 insulas
874 1049 1006 1081 delatae
1027 1047 1117 1087 sunt,
1136 1059 1199 1080 nec
1223 1048 1391 1080 hactenus
1417 1047 1588 1085 reductae,

309 1133 385 1164 ideo
403 1128 559 1174 poss'esl'or
576 1135 749 1163 terrarum
775 1129 1024 1162 haereditatem
1050 1126 1124 1168 fibi,
1143 1133 1176 1162 et
1195 1128 1285 1173 Regi
1308 1127 1584 1171 superioritatem

311 1212 496 1257 allegavit3
524 1210 580 1244 sed
597 1210 783 1254 prudentia
797 1207 902 1253 ipfius
917 1209 1058 1254 Georgii
1073 1209 1263 1248 Pontificis,
1277 1210 1381 1253 longa
1398 1210 1470 1248 lite,
1491 1220 1587 1254 mag-

314 1294 366 1326 nis
385 1289 551 1335 expensis,
570 1296 604 1324 et
621 1291 725 1324 etiam
744 1291 881 1333 placato
904 1287 1080 1333 poffeffore
1105 1290 1262 1333 pecunia,
1281 1290 1383 1323 terris
1409 1294 1444 1323 et
1470 1287 1594 1322 asseda-

315 1373 478 1411 tionibus,
496 1373 539 1405 ad
566 1369 739 1405 ecclesiam
757 1370 836 1404 sunt
853 1371 1037 1410 reductae;
1064 1382 1150 1414 quas
1176 1370 1278 1404 fratri
1304 1369 1363 1404 suo
1382 1370 1532 1404 Ricardo
1558 1376 1592 1403 et

315 1454 520 1487 haeredibus
540 1451 698 1486 masculis
717 1453 758 1485 de
777 1463 918 1495 corpore
940 1451 1000 1484 suo
1021 1452 1253 1495 procreandis,
1271 1462 1335 1494 pro
1360 1453 1593 1496 quadraginta

316 1535 438 1566 mercis
456 1534 637 1566 annuatim
663 1534 700 1565 in
726 1532 919 1565 feodifirma
944 1533 1083 1572 locavit,
1108 1536 1213 1576 prout
1238 1533 1275 1565 in
1303 1530 1455 1575 processu
1481 1537 1514 1566 et
1540 1533 1592 1565 in—

318 1614 517 1648 strumentis
536 1611 691 1660 ecclesiae
709 1613 844 1656 plenius
862 1612 1020 1646 habetur.

368 1775 536 1815 Secundo,
555 1775 646 1814 Quia
671 1776 714 1808 ad
740 1774 838 1808 usum
864 1773 964 1807 suum
983 1780 1016 1807 et
1034 1774 1196 1813 ecclefiae‚
1214 1779 1324 1807 terras
1342 1774 1383 1806 de
1398 1773 1597 1817 kakersy

321 1858 460 1901 accepit,
478 1857 639 1889 dominus
657 1856 680 1888 J
682 1856 807 1889 acobus
826 1855 1037 1888 Creichtoun
1055 1856 1096 1888 de
1114 1855 1298 1888 Strathord
1317 1856 1426 1894 miles,
1438 1856 1596 1888 detentor

321 1939 518 1976 earundem,
536 1938 644 1970 eidem
669 1936 823 1980 pontifici
849 1938 1000 1969 multum
1026 1936 1169 1969 nocivus
1192 1940 1278 1976 erat,
1296 1940 1330 1969 et
1346 1933 1593 1974 infidiabatur;

324 2020 408 2052 adeo
425 2024 465 2052 ut
484 2019 633 2051 eundem
651 2017 849 2061 pontificem
869 2028 947 2050 cum
965 2015 1148 2060 plusquam
1169 2017 1401 2061 quadraginta
1424 2016 1597 2059 equitibus

325 2100 565 2139 familiaribus,
585 2100 628 2132 ad
650 2099 781 2132 curiam
800 2099 931 2144 regiam
949 2109 1055 2142 prope
1073 2103 1212 2142 pontem
1237 2099 1278 2131 de
1296 2097 1392 2130 Erne
1415 2108 1601 2141 properau—
