1837 2698
237 291 305 321 120
526 284 781 317 COMPOTUM
803 284 1029 316 MAGISTRI
1050 283 1247 314 FABRICE

236 396 375 428 verudis
390 395 552 428 ducendis
566 405 628 438 pro
641 393 766 437 quibus
780 392 1035 436 respondebunt
1050 393 1086 437 iij
1103 395 1127 425 ἔ.
1142 393 1202 437 viij
1217 391 1250 425 d.
1277 391 1326 425 Et
1337 392 1506 425 allocatur

237 477 346 509 eidem
368 477 405 509 in
423 476 634 518 empcionem
652 473 861 519 septinginta
878 475 1025 519 triginta
1048 473 1105 507 sex
1127 485 1272 507 onerum
1289 471 1335 506 lie
1344 470 1427 518 fail
1441 484 1504 516 pro

236 557 434 590 detencione
469 566 557 599 aque
592 559 626 588 et
660 553 896 598 expulsacione
926 554 1079 599 ejusdem
1106 566 1126 588 a
1155 554 1435 588 circumferencia
1460 554 1508 586 lo-

239 648 356 670 corum
375 637 523 669 duorum
542 633 588 668 lie
604 632 790 668 brcmderc's
815 639 957 678 propter
982 635 1247 668 mundacionem
1265 634 1366 667 fundi
1392 634 1506 677 precio

238 717 350 749 oneris
368 716 530 749 denarius
548 716 727 748 extenden.
746 715 783 748 in
800 716 898 749 totali
912 716 1058 758 pecunia
1072 716 1114 748 ad
1133 716 1169 760 iij
1189 715 1225 748 li.
1244 715 1303 759 xvj
1323 711 1356 746 d.
1396 713 1444 746 Et
1462 714 1510 745 al-

238 798 371 830 locatur
388 796 498 829 eidem
523 807 584 839 per
609 796 851 829 liberacionem
874 795 1002 828 factam
1027 794 1231 828 Alexandro
1251 794 1393 838 Smytht
1410 794 1509 826 fabro

238 877 273 909 in
292 876 500 909 Dunkelden
525 887 587 919 per
604 880 740 919 tempus
757 877 906 919 compoti
924 877 961 909 in
978 875 1182 909 fractionem
1201 880 1277 908 octo
1298 873 1508 908 frustrorum

238 957 321 990 ferri
335 962 368 990 et
386 956 632 990 confectionem
649 957 861 990 eorundem
852 968 889 990 m
906 956 1006 989 ferris
1020 967 1189 1000 equ01um
1204 956 1335 999 capien.
1349 967 1413 999 pro
1426 966 1511 999 quo-

240 1037 324 1070 libet
339 1034 467 1070 frustro
485 1041 560 1069 octo
579 1037 735 1069 denarios
754 1037 934 1069 extenden.
952 1036 988 1068 in
1006 1037 1152 1079 pecunia
1170 1036 1212 1068 ad
1230 1037 1264 1080 vj
1286 1047 1310 1068 s.
1328 1036 1378 1079 iiij
1398 1033 1430 1067 d
1462 1033 1510 1067 Et

241 1117 351 1150 eidem
369 1128 432 1160 pro
445 1116 655 1149 confectione
668 1116 821 1160 quinque
839 1116 1008 1149 ferrorum
1023 1127 1191 1160 equorum
1206 1117 1247 1148 de
1265 1116 1409 1158 antiquo
1420 1115 1512 1148 ferro

241 1201 396 1230 rotarum
414 1207 437 1229 x
454 1194 486 1229 d.
537 1195 587 1228 Et
610 1196 719 1229 eidem
743 1197 779 1229 in
801 1195 1004 1229 fractionem
1022 1197 1126 1229 unius
1144 1193 1263 1228 frustri
1281 1199 1316 1228 et
1333 1194 1513 1228 correctio-

242 1288 319 1309 nem
338 1275 515 1310 tresdecim
528 1275 700 1309 serrorum
718 1273 763 1308 lie
773 1274 937 1321 prenteis
953 1287 1032 1309 cum
1050 1276 1169 1309 eodem
1186 1275 1259 1319 xxij
1275 1273 1308 1307 d.
1334 1274 1384 1308 Et
1402 1275 1512 1307 eidem

240 1368 304 1400 pro
315 1357 523 1390 correctione
535 1354 580 1389 lie
593 1354 751 1400 leccmmyr
764 1354 856 1389 aikis
866 1361 901 1390 et
912 1357 1019 1401 mallij
1037 1356 1225 1389 eorundem
1239 1356 1262 1400 ij
1283 1358 1307 1388 ἔ.
1335 1354 1385 1388 Et
1402 1355 1510 1387 eidem

241 1438 277 1470 in
295 1437 498 1471 fractionem
522 1438 709 1470 octodecim
728 1436 937 1471 frustrorum
954 1437 1037 1470 ferri
1063 1441 1099 1470 et
1123 1437 1311 1469 eorundem
1331 1435 1514 1468 confectio-

241 1529 321 1551 nem
348 1519 385 1551 in
411 1519 527 1551 clauos
553 1516 599 1550 lie
622 1516 780 1551 Sentreis
804 1522 839 1551 et
864 1517 985 1550 Cimbe
1010 1517 1137 1560 lapidie
1158 1517 1199 1549 de
1223 1515 1373 1558 Capetht
1397 1515 1456 1559 xvj
1487 1517 1511 1546 ἔ.

242 1576 293 1641 iifj
311 1595 344 1630 d.
395 1596 444 1630 Et
461 1597 570 1629 eidem
589 1608 652 1639 pro
671 1596 882 1630 confectione
900 1597 1126 1629 tricentorum
1140 1595 1265 1639 viginti
1278 1595 1456 1627 clauorum
1470 1595 1513 1627 ad

242 1675 288 1710 lie
300 1675 458 1710 bulwarlc
476 1682 510 1710 et
527 1675 685 1710 Sentreis
701 1678 742 1710 de
760 1677 903 1720 antiquo
916 1676 1008 1709 ferro
1025 1676 1073 1720 xij
1088 1673 1121 1709 d.
1172 1674 1222 1708 Et
1239 1675 1348 1708 eidem
1367 1686 1430 1718 pro
1441 1685 1514 1708 cor-

244 1759 394 1790 rectione
411 1762 651 1790 sexcentorum
669 1758 847 1790 clauorum
865 1757 1088 1800 antiquorum
1105 1766 1153 1788 xv
1171 1753 1204 1788 d.
1255 1754 1305 1788 Et
1323 1755 1432 1788 eidem
1450 1766 1514 1798 pro

244 1838 399 1870 ducentis
417 1842 451 1870 et
473 1837 652 1870 duodecim
670 1834 715 1870 lie
732 1835 889 1870 remon-is
911 1847 972 1880 per
997 1841 1134 1880 tempus
1152 1836 1300 1878 compoti
1318 1835 1377 1879 xvj
1398 1837 1422 1867 ἓ.
1441 1845 1463 1867 x
1481 1832 1514 1867 d.

245 1917 294 1951 Et
311 1929 375 1961 pro
391 1916 437 1951 lie
440 1916 602 1963 finsting
617 1929 678 1961 per
695 1918 785 1951 idem
803 1923 939 1961 tempus
957 1916 1043 1961 xxiij
1064 1913 1097 1949 d.
1147 1915 1198 1949 Et
1216 1926 1280 1959 pro
1296 1915 1463 1948 fractione
1481 1921 1515 1948 et

246 1998 455 2032 confectione
472 1999 577 2032 unius
594 1996 714 2032 frustri
731 1999 768 2031 in
785 2009 855 2031 uno
872 1996 918 2030 lie
939 1995 1139 2030 cadownale
1156 2000 1190 2029 et
1208 1995 1416 2029 correctione
1433 1995 1516 2027 alte-

245 2078 317 2111 rius
334 2079 381 2122 xij
397 2077 429 2113 d.
478 2078 527 2112 Et
540 2080 650 2112 eidem
667 2090 730 2123 pro
744 2078 955 2112 confectione
972 2079 1079 2112 trium
1096 2075 1273 2120 Isefifihis
1285 2087 1327 2109 ex
1344 2087 1414 2109 uno
1427 2073 1514 2108 frus-
