1837 2698
269 293 338 325 102
551 288 812 321 COMPOTUM
834 288 1059 319 MAGISTRI
1080 287 1279 320 FABRICE

268 396 351 430 fimo
377 396 650 443 quingentesimo
675 398 857 430 undecimo
882 398 1012 440 capien.
1038 408 1100 441 per
1126 409 1256 431 annum
1281 397 1391 430 decim
1413 406 1544 429 mercas

270 479 303 523 vj
324 480 359 512 li.
377 479 439 523 xiij
460 482 484 511 ἔ.
503 479 552 522 iiij
573 476 606 511 d.
656 477 706 510 Et
732 478 842 510 eidem
868 488 888 510 a
914 478 1005 510 dicto
1031 478 1086 510 die
1111 477 1255 521 septimo
1280 477 1367 510 Julii
1393 478 1429 510 in
1454 487 1545 509 anno

271 566 326 593 ‘tc‘
346 562 379 591 vc
396 560 578 592 undecimo
601 558 755 591 laboran.
777 569 841 601 pro
858 558 1014 590 mercede
1031 569 1093 601 per
1109 557 1334 601 septimanam
1353 562 1387 590 et
1404 555 1545 589 existen.

951 616 961 628 Τ

271 640 306 671 in
332 638 473 671 servicio
499 638 614 681 pontis
639 648 701 680 per
726 636 875 670 mensem
900 617 998 681 ngmj
1020 640 1044 670 ἔ.
1096 637 1146 670 Et
1169 638 1335 669 allocatur
1353 636 1463 669 eidem
1487 647 1548 678 per

270 719 509 751 liberacionem
532 718 659 751 factam
681 719 791 751 eidem
814 718 837 750 J
840 718 969 751 ohanni
993 730 1012 751 a
1034 719 1088 751 die
1110 718 1293 751 undecimo
1309 716 1443 760 Aprilis
1466 717 1549 749 anni

273 805 328 835 *tcff
348 801 380 831 vc
397 800 445 843 xij
471 800 507 831 in
525 799 616 831 diem
634 798 799 841 presentis
818 799 968 841 compoti
986 798 1166 831 extenden.
1187 798 1231 830 ad
1249 808 1379 830 annum
1398 801 1432 829 et
1450 797 1551 829 dimi-

272 881 368 913 dium
392 891 430 912 ac
453 884 614 923 quartam
640 884 773 922 partem
792 890 815 911 x
834 879 868 911 li.
886 879 946 923 xvj
967 881 991 911 ἔ.
1011 879 1071 922 viij
1091 876 1124 911 d.
1175 877 1224 910 Et
1250 878 1361 910 eidem
1388 878 1425 910 in
1451 876 1552 921 Toga

272 961 365 993 ultra
382 960 520 992 feodum
539 960 649 992 eidem
669 957 829 1002 promissa
846 970 894 991 xv
911 962 936 992 ἔ.
987 958 1036 991 Et
1054 960 1223 991 allocatur
1241 959 1352 991 eidem
1370 969 1431 1001 per
1449 957 1551 990 liber-

273 1040 426 1073 acionem
452 1039 578 1072 factam
604 1038 831 1072 servientibus
858 1043 892 1071 et
916 1039 1069 1071 laboran.
1094 1049 1172 1071 cum
1195 1037 1355 1071 Johanne
1378 1036 1497 1081 W'iyse
1514 1038 1552 1070 in

276 1120 508 1164 Cragrannky
526 1124 560 1152 et
578 1120 654 1152 aliis
673 1120 843 1161 lapicidiis
861 1119 898 1163 iij
918 1119 953 1151 li.
972 1119 1008 1163 iij
1029 1121 1053 1151 ἔ.
1072 1129 1095 1151 x
1112 1116 1145 1151 d.
1190 1118 1239 1151 Et
1257 1119 1424 1151 allocatur
1442 1119 1551 1151 eidem

275 1211 335 1243 per
360 1200 602 1232 liberacionem
627 1199 755 1231 factam
781 1197 1008 1231 servientibus
1039 1203 1072 1231 et
1102 1199 1255 1231 laboran.
1284 1209 1362 1231 cum
1392 1198 1555 1231 ,Iohanne

277 1279 393 1325 &Viyse
411 1282 447 1313 in
466 1281 693 1313 remocionem
712 1280 867 1323 lapidum
886 1280 1021 1322 antiqui
1039 1277 1085 1312 lie
1103 1276 1310 1323 Landstaile
1326 1283 1360 1312 et
1377 1275 1553 1311 foffionem

276 1361 492 1394 fundamenti
518 1371 581 1404 pro
607 1371 698 1393 novo
723 1357 769 1392 lie
795 1357 1001 1403 Lumfflaile
1025 1360 1098 1403 xlvj
1119 1362 1143 1392 ἔ.
1162 1360 1209 1403 vij
1229 1357 1262 1392 d.
1313 1358 1362 1392 Et
1387 1360 1556 1392 allocatur

279 1443 389 1475 eidem
407 1454 468 1485 per
486 1442 726 1475 liberacionem
749 1441 876 1474 factam
899 1440 922 1473 J
925 1441 1053 1474 ohanni
1071 1441 1245 1479 Querreor
1261 1440 1406 1483 lapicide
1425 1439 1554 1482 capien.

278 1533 340 1566 per
357 1534 486 1555 annum
506 1522 549 1555 ab
566 1522 763 1564 incepcione
782 1522 894 1564 operis
912 1522 949 1554 in
966 1519 1052 1553 festo
1070 1518 1312 1553 Penthecostes
1333 1521 1370 1552 in
1388 1530 1479 1552 anno
1498 1524 1554 1551 ‘tc‘

281 1604 315 1634 vc
332 1604 391 1634 xm⁰
411 1602 447 1634 in
473 1603 564 1634 diem
590 1601 707 1634 Sancti
735 1601 878 1634 Mertini
906 1601 942 1633 in
967 1611 1058 1633 anno
1085 1605 1141 1633 ⁶‘tc⁰
1161 1602 1195 1633 vc
1212 1600 1289 1644 xiij⁰
1310 1600 1490 1632 extenden.
1513 1600 1557 1632 ad

280 1685 430 1725 quatuor
454 1693 562 1714 annos
586 1682 716 1724 capien.
734 1681 844 1714 decim
862 1691 992 1713 mercas
1011 1681 1098 1713 citra
1115 1681 1265 1713 celdram
1281 1680 1409 1712 ferrine
1427 1690 1558 1712 annua-

283 1762 345 1795 tim
369 1762 452 1806 xxvj
477 1762 512 1793 li.
534 1761 594 1805 xiij
620 1764 644 1793 ἔ.
665 1761 715 1804 iiij
739 1757 772 1793 d.
822 1760 873 1793 Et
898 1762 1066 1794 allocatur
1092 1761 1202 1793 eidem
1228 1771 1289 1804 per
1314 1759 1558 1792 liberacionem

282 1842 406 1875 factam
435 1840 663 1874 servientibus
691 1842 782 1874 dicto
809 1840 962 1874 Johanni
990 1842 1027 1874 in
1054 1842 1207 1884 querella
1230 1841 1267 1873 in
1292 1839 1438 1873 secundo
1465 1850 1557 1872 anno

283 1923 394 1965 operis
413 1922 543 1965 capien.
560 1921 716 1965 quolibet
732 1922 769 1954 in
786 1920 975 1964 septimana
993 1922 1148 1955 modium
1165 1921 1295 1954 farrine
1313 1924 1347 1953 et
1365 1924 1440 1952 octo
1457 1920 1561 1952 dena-

284 2002 353 2035 rios
383 2000 517 2034 summa
546 2001 673 2034 ferrine
699 1999 824 2034 eisdem
850 2002 931 2034 data
956 2002 994 2034 in
1019 2005 1177 2044 compoto
1204 1998 1365 2045 Magistri
1389 1998 1560 2031 Johannis

286 2082 403 2115 Lacok
428 2082 609 2126 graniterii
634 2082 769 2114 reddito
793 2082 886 2124 apud
910 2081 1022 2126 Clony
1044 2081 1128 2126 xxvj
1154 2080 1363 2114 Novembris
1387 2089 1478 2112 anno
1504 2082 1561 2111 ἵε*
