1837 2698
617 310 781 342 PONTIS
804 310 1166 342 DUNKELDENSIS.
1468 317 1537 352 107

254 581 314 625 viij
334 578 367 614 d.
412 581 460 614 Et
478 583 647 615 allocatur
665 583 775 614 eidem
795 593 857 625 per
874 581 1118 615 liberacionem
1136 582 1264 616 factam
1281 581 1436 615 Johanni
1455 582 1536 616 Scot

251 661 311 704 qui
329 662 426 704 prius
445 661 560 695 fuerat
586 660 704 695 servus
730 662 861 695 Decani
884 663 1031 695 intranti
1053 663 1097 695 ad
1122 674 1208 706 opus
1230 663 1346 706 pontis
1370 661 1535 707 vigesimo

251 742 364 785 primo
386 742 596 775 Novembris
621 743 703 776 anni
728 748 786 776 *ke*
805 745 839 775 vc
856 740 938 787 xijml
961 748 1142 787 recepturo
1165 745 1322 778 modium
1345 745 1475 778 farrine
1497 746 1535 778 in

250 820 440 865 septimana
458 827 492 856 et
509 828 586 856 octo
604 824 764 856 denarios
782 824 805 868 ij
826 826 850 855 ἕ.
894 823 944 856 Et
963 825 1131 857 allocatur
1149 825 1260 857 eidem
1278 836 1340 868 per
1357 825 1535 860 liberacio-

249 914 329 935 nem
354 902 482 936 factam
509 893 740 936 MWValkane
760 902 884 936 seniori
907 905 1042 948 regenti
1066 915 1196 948 equum
1220 910 1255 938 et
1281 903 1441 939 trcdeccme
1467 918 1531 950 pro

249 983 423 1027 lapidibus
448 985 679 1027 importandis
703 985 746 1017 ad
764 982 810 1017 lie
827 982 987 1017 bahem-l„-
1005 985 1042 1017 in
1059 986 1252 1019 mercedem
1274 986 1403 1020 laboris
1424 987 1487 1032 xiij
1508 991 1532 1021 ἔ.

247 1065 298 1109 iiij
317 1063 351 1097 d.
402 1063 451 1097 Et
469 1066 638 1098 allocatur
656 1066 766 1098 eidem
788 1077 850 1108 per
873 1066 1142 1099 defalcacionem
1165 1066 1293 1100 factam
1318 1071 1531 1112 compotanti

249 1156 292 1178 ex
309 1156 349 1178 eo
367 1146 461 1189 quod
478 1144 609 1179 restant
627 1147 664 1178 in
682 1147 757 1190 ejus
775 1151 935 1190 compoto
953 1148 1139 1181 decanatus
1157 1148 1292 1182 reddito
1310 1150 1404 1192 apud
1418 1150 1532 1194 Clony

247 1226 372 1259 ultimo
390 1226 445 1259 die
462 1224 587 1259 mensls
607 1226 819 1266 Decembris,
844 1227 926 1260 anni
946 1232 1004 1260 *ze*
1023 1229 1058 1260 ve
1075 1229 1249 1262 undecimi
1298 1228 1349 1262 Et
1367 1234 1531 1264 oneratur

246 1306 288 1338 de
306 1316 397 1339 novo
415 1307 452 1339 in
470 1307 630 1350 proximo
648 1312 807 1350 compoto
823 1308 1009 1341 decanatus
1023 1309 1202 1352 preceden.
1216 1310 1258 1343 de
1271 1308 1406 1343 summa
1418 1311 1528 1345 decim

246 1386 415 1419 librarum
441 1391 475 1420 et
493 1387 528 1419 in
547 1386 612 1420 hoc
630 1392 790 1431 compoto
807 1389 849 1421 de
867 1389 987 1422 eadem
1003 1388 1137 1423 summa
1162 1391 1272 1424 decim
1299 1391 1469 1425 librarum
1494 1397 1529 1426 et

247 1466 300 1500 bis
319 1471 484 1501 oneratur
502 1479 525 1500 x
542 1468 577 1500 li.

343 1629 488 1663 Summa
505 1630 662 1663 omnium
681 1630 907 1674 expensarum
925 1644 988 1676 per
1005 1638 1141 1677 tempus
1160 1636 1310 1678 compoti
1328 1636 1418 1669 circa
1436 1635 1528 1669 Pon-

390 1715 461 1743 tem
481 1711 543 1755 vijc
560 1712 648 1756 xliiij
668 1712 704 1745 li.
723 1713 746 1757 ij
767 1715 792 1745 ἔ.
810 1714 858 1758 vij
874 1723 891 1756 3
910 1714 942 1746 d.
992 1714 1043 1748 Et
1060 1712 1104 1748 fic
1122 1715 1224 1749 debet
1241 1721 1441 1760 compotans
1462 1728 1526 1761 pro

392 1790 518 1834 quibus
535 1790 754 1836 respondebit
771 1793 922 1828 Domino
940 1795 1000 1828 xlv
1017 1795 1052 1828 li.
1071 1795 1118 1840 vij
1139 1798 1164 1828 ἔ.
1182 1796 1230 1840 vij
1243 1806 1260 1839 3
1277 1794 1310 1830 d.
