1837 2698
621 293 783 327 PONTIS
805 292 1170 327 DUNKELDENSIS.
1480 292 1523 329 91

250 405 395 448 pecunia
411 404 534 449 xxxvij
554 404 589 437 li.
609 404 643 450 vj
663 408 687 438 3.
707 406 767 450 viij
787 403 820 438 d.
870 404 920 438 Et
944 405 1112 438 allocatur
1134 403 1245 437 eidem
1267 412 1328 446 per
1349 399 1527 433 liberacio-

246 496 325 519 nem
342 485 471 519 factam
495 485 681 518 Malcohno
704 485 825 519 Sawar
847 486 884 519 in
909 486 1102 519 mercedem
1122 484 1250 518 laboris
1268 480 1429 516 existenti
1447 490 1524 513 cum

249 565 386 599 Thoma
405 565 557 610 ⁷Wrycht
575 577 596 599 a
613 567 745 600 decimo
762 567 886 610 quinto
902 566 1105 600 Decembris
1123 565 1206 599 anni
1225 570 1280 598 *tc*
1300 566 1334 597 vc
1351 561 1527 597 undecimi

245 647 281 681 in
306 647 471 680 ultimum
497 645 621 680 menfis
648 646 833 680 Februarii
859 645 1012 692 ejusdem
1046 647 1129 680 anni
1160 643 1303 680 diverfis
1329 644 1464 678 vicibus
1490 643 1526 675 in

243 725 327 761 filva
344 739 408 771 pro
425 728 584 762 cedendis
602 728 707 773 lignis
725 728 854 772 aptatis
873 728 909 761 in
927 728 1055 761 tabulis
1079 728 1123 761 ad
1148 738 1235 771 opus
1254 722 1434 759 Bulwarlc
1457 724 1480 769 lj
1501 725 1526 755 3.

243 808 277 853 vj
291 806 325 841 d.
363 807 413 842 Et
431 809 599 842 allocatur
617 809 728 842 eidem
746 819 807 852 per
820 808 1064 842 liberacionem
1078 808 1208 842 factam
1227 806 1388 840 Donaldo
1407 805 1527 838 Sawar

242 888 372 933 capien.
390 900 453 933 per
470 900 600 922 annum
618 890 852 934 quadraginta
864 888 988 923 solidos
1002 889 1095 922 feodi
1109 899 1187 922 cum
1202 888 1356 932 prandeo
1374 886 1527 920 Domino

239 967 395 1013 presente
421 975 455 1003 et
476 969 606 1003 ferrina
629 980 669 1003 eo
694 968 831 1003 absente
853 981 874 1003 a
897 967 1062 1015 vigesimo
1085 970 1209 1014 quinto
1231 967 1416 1002 Februarii
1440 966 1523 1000 anni

241 1054 298 1084 'ite‘
316 1051 352 1084 vc
368 1051 543 1084 undecimi
561 1051 597 1084 in
623 1051 771 1084 elmdem
789 1051 880 1084 diem
907 1062 997 1085 anno
1017 1052 1177 1085 revoluto
1199 1049 1326 1085 scilicet
1344 1051 1378 1083 vc
1396 1049 1523 1082 duode-

239 1132 328 1165 cimo
353 1132 504 1176 demptis
525 1132 605 1166 inde
622 1132 777 1176 quinque
795 1131 910 1166 solidis
928 1137 963 1166 et
980 1137 1132 1176 quatuor
1149 1132 1301 1166 denariis
1319 1132 1403 1176 quia
1428 1129 1523 1163 infir-

240 1212 402 1246 mabatur
427 1224 553 1247 novem
571 1211 771 1257 septimanis
788 1213 915 1258 quibus
942 1225 985 1247 ex
1010 1211 1194 1248 elemofina
1209 1213 1339 1258 recepit
1355 1212 1522 1246 ferrinam

239 1294 363 1339 xxxiiij
383 1296 408 1327 ἔ.
427 1294 487 1339 viij
508 1292 540 1327 d.
583 1293 633 1328 Et
650 1295 818 1328 allocatur
835 1295 947 1328 eidem
965 1294 1119 1328 Domino
1136 1293 1274 1328 absente
1292 1295 1329 1328 in
1346 1292 1393 1327 lie
1409 1291 1522 1338 dyner

239 1379 274 1409 et
296 1373 539 1418 nwffifflzcmkis
561 1375 692 1420 capien.
716 1376 897 1410 denarium
924 1376 979 1410 die
1003 1387 1073 1409 non
1098 1375 1222 1410 feriato
1249 1377 1285 1410 in
1311 1376 1404 1409 dicto
1430 1386 1521 1408 anno

238 1456 275 1501 iij
295 1459 321 1490 3.
337 1457 373 1501 xj
392 1454 425 1489 d.
477 1455 526 1489 Et
550 1456 662 1489 eidem
684 1457 721 1490 in
744 1468 835 1490 anno
858 1457 990 1490 domini
1016 1463 1074 1491 ''cc-³
1092 1459 1127 1491 vc
1144 1457 1277 1491 decimo
1295 1457 1404 1491 tercio
1420 1455 1522 1500 septi-

237 1537 349 1570 manis
375 1542 410 1570 et
436 1537 558 1570 diebus
585 1538 671 1571 dum
698 1536 815 1572 fuerat
841 1539 884 1572 ad
911 1549 998 1582 opus
1025 1538 1142 1582 pontis
1168 1539 1206 1572 in
1233 1539 1325 1572 diem
1354 1537 1521 1583 presentis

237 1619 387 1662 compoti
411 1616 575 1652 inclusive
602 1629 646 1652 ex
667 1619 870 1663 juramento
893 1620 1101 1663 carpentarii
1124 1620 1210 1666 xviij
1235 1622 1259 1653 ἔ.
1321 1619 1372 1653 Et
1397 1620 1521 1653 alloca-

237 1704 294 1731 tur
315 1699 427 1733 eidem
449 1710 513 1743 pro
535 1698 722 1734 sen-atione
747 1701 898 1734 duarum
922 1701 1092 1735 rudarum
1110 1701 1311 1736 tabularum
1329 1702 1371 1735 de
1389 1713 1519 1746 quercu

235 1779 308 1824 xxij
328 1782 353 1813 3.
403 1779 454 1813 Et
471 1791 532 1824 per
550 1781 792 1815 liberacionem
815 1781 944 1815 factam
966 1781 1119 1820 Patricio
1137 1782 1258 1816 Sawar
1274 1781 1420 1816 serranti
1439 1794 1517 1816 cum

238 1860 375 1893 Thoma
403 1859 523 1894 Sawar
556 1861 694 1895 infirmo
721 1862 813 1896 dicto
839 1862 1001 1897 Donaldo
1034 1863 1072 1897 in
1098 1864 1291 1898 mercedem
1316 1863 1366 1898 sui
1392 1864 1521 1898 laboris

1244 1923 1267 1935 01³

236 2020 372 2054 Thome
394 2020 516 2055 Sawar
540 2022 577 2055 in
599 2022 821 2057 refectionem
845 2034 1042 2068 pannorum
1063 2029 1098 2058 et
1120 2025 1157 2058 in
1183 2023 1229 2058 lie
1245 2023 1359 2069 dyner
1375 2031 1410 2060 et
1427 2037 1523 2060 mvn-

219 2099 393 2144 schanlcis
410 2114 430 2137 a
447 2114 539 2138 nono
561 2103 765 2139 Decembris
784 2105 867 2139 anni
883 2110 940 2138 *tc*
955 2107 989 2140 vc
1003 2106 1177 2141 undecimi
1194 2107 1231 2141 in
1245 2107 1337 2141 diem
1351 2107 1523 2143 decimum
