1837 2698
297 282 341 313 84
567 276 828 308 COMPOTUM
850 275 1070 307 MAGISTRI
1092 275 1286 307 FABRICE

343 385 454 418 IDEM
479 391 677 430 computans
701 390 822 418 onerat
849 384 881 418 se
906 386 948 418 de
972 396 995 417 v
1018 385 1140 418 celdris
1165 385 1243 430 iiij⁰¹
1269 385 1368 418 bonis
1391 386 1414 429 ij
1440 385 1562 420 firlotis

293 465 422 499 farrine
445 467 588 510 receptis
607 478 627 499 a
650 464 820 510 Magistro
846 465 867 498 J
871 466 1005 498 ohanne
1024 465 1141 498 Lacok
1158 466 1347 510 graniterio
1365 465 1508 499 Domini
1525 467 1563 499 in

293 545 523 580 Dounkelden
550 548 591 579 de
617 546 743 590 quibus
769 547 859 579 idem
887 545 1097 590 graniterius
1122 546 1272 579 reddidit
1297 551 1494 589 compotum
1520 552 1562 580 ut

291 631 386 669 patet
411 627 448 659 in
474 627 591 660 eodem
619 627 752 659 reddito
783 627 874 669 apud
905 626 1135 659 Dounkelden
1168 627 1251 670 xxvj
1280 626 1441 660 Octobris
1470 638 1561 660 anno

290 706 420 739 domini
444 705 622 740 millesimo
640 704 913 752 quingentesimo
938 707 1070 739 decimo
1095 707 1131 739 in
1155 711 1313 750 compoto
1336 705 1562 750 expensarum

288 785 418 820 fari-ine
469 787 518 820 Et
541 788 583 820 de
607 788 642 820 ix
666 787 789 820 celdris
812 787 860 831 xij
887 787 986 820 bonis
1007 786 1137 820 fan-ine
1160 787 1203 820 ab
1229 788 1346 820 eodem
1372 788 1562 831 graniterio

288 872 412 910 recept.
436 868 478 900 de
504 868 630 911 quibus
653 865 809 900 similiter
831 867 981 900 reddidit
1003 871 1201 911 compotum
1225 868 1316 910 apud
1342 867 1454 911 Clony
1476 868 1560 912 xxvj

288 947 496 981 Novembris
520 959 611 981 anno
628 948 759 981 domini
780 945 959 980 mille-fimo
983 945 1256 992 quingentesimo
1279 948 1461 981 undecimo
1511 948 1562 981 Et

287 1029 329 1061 de
347 1029 383 1073 xj
402 1029 524 1062 celdris
542 1029 566 1073 ij
585 1029 686 1062 bollis
703 1029 728 1073 ij
747 1029 869 1062 firlotis
888 1029 1093 1062 victualium
1118 1029 1213 1062 ordei
1230 1034 1264 1062 et
1281 1029 1411 1062 farrine
1433 1033 1558 1072 recept.

286 1108 330 1141 ab
347 1109 465 1142 eodem
483 1110 526 1142 de
543 1109 670 1153 quibus
688 1110 794 1142 eciam
816 1109 967 1142 reddidit
991 1115 1188 1152 compotum
1211 1110 1304 1152 apud
1328 1108 1560 1142 Dounkelden

284 1269 406 1304 firlotis
431 1270 561 1304 farrine
587 1276 711 1314 recept.
738 1271 782 1304 ab
807 1271 926 1304 eodeni
959 1258 1149 1314 granitmio
1177 1271 1219 1303 de
1246 1270 1371 1313 quibus
1401 1268 1557 1303 {imiliter

285 1351 434 1384 reddidit
451 1356 648 1396 compotum
667 1353 709 1385 de
726 1351 786 1385 sua
802 1349 892 1385 resta
914 1351 1128 1395 precedentis
1149 1351 1299 1394 compoti
1323 1351 1416 1393 apud
1439 1350 1560 1383 Doun-

286 1433 367 1465 keld
385 1433 470 1478 xviij
492 1433 674 1477 Februarij
691 1444 781 1466 anno
798 1439 852 1466 *tc*
866 1435 899 1464 v⁰
911 1433 997 1476 ijmo
1038 1431 1087 1464 Et
1102 1433 1143 1464 de
1160 1432 1221 1476 xiij
1242 1432 1362 1464 celdris
1380 1432 1417 1475 iij
1437 1430 1558 1464 firlotis

286 1513 322 1557 iij
348 1514 457 1556 peccis
475 1515 678 1547 victualium
696 1514 842 1557 receptis
859 1514 903 1546 ab
926 1514 1042 1546 eodeni
1061 1511 1123 1546 fibi
1146 1513 1182 1545 in
1203 1511 1263 1545 suo
1288 1513 1445 1554 proximo
1468 1522 1558 1544 com-

286 1599 367 1636 poto
384 1595 556 1627 reddendo
574 1595 761 1627 allocandis

536 1674 679 1707 Summa
695 1674 908 1707 Victualium
928 1674 975 1717 xlj
996 1685 1023 1706 e.
1042 1684 1063 1705 x
1082 1673 1113 1704 b.
1132 1674 1156 1716 ij
1176 1673 1199 1704 f.
1218 1673 1253 1714 iij
1275 1683 1306 1714 p.

335 1835 527 1869 EXPENSE
545 1836 731 1869 eorundem
750 1840 869 1879 patent¹
892 1843 926 1868 et
951 1835 1120 1877 patebunt
1142 1835 1178 1867 in
1196 1841 1353 1877 compoto
1375 1834 1458 1866 dicti
1481 1845 1559 1877 gra-

285 1917 401 1949 uiterii
419 1927 496 1949 cum
522 1915 591 1959 ipse
608 1916 812 1950 deliberavit
830 1917 946 1949 eadem
976 1916 1140 1949 victualia
1165 1916 1329 1958 operariis
1361 1915 1475 1958 pontis
1510 1913 1558 1946 Et

285 1994 329 2029 fic
346 2007 431 2040 eque
450 2007 527 2030 cum
545 2000 762 2039 compotante
