1837 2698
268 313 312 344 52
445 309 584 341 VITAE
607 309 939 341 EPISCOPORUM
962 309 1373 342 DUNKELDENSIUM.

262 419 337 462 jam
355 418 530 453 honestius
549 420 678 453 moriar
691 431 796 463 quam
816 421 872 453 ille
885 421 1035 464 quicum
1050 420 1157 454 barba
1170 419 1350 454 inhonesta
1364 418 1544 463 suspendio

267 500 428 533 interiit.”
480 501 559 534 Hiis
577 502 688 540 dictis,
706 500 900 540 divestitur,
918 506 952 534 et
970 502 1005 534 in
1023 503 1149 535 lectum
1173 502 1339 545 recipitur
1363 500 1544 544 paululum

267 581 419 624 pausare.
470 581 519 615 Et
537 583 618 626 quia
636 581 767 625 semper
784 582 884 615 fortis
905 583 1012 616 animi
1035 583 1114 622 fuit,
1133 594 1324 627 nunquam,
1342 583 1378 615 in
1396 591 1550 625 quacun-

269 675 334 707 que
358 664 559 697 infirmitate
584 665 755 703 detentus,
774 664 937 697 continuo
956 665 1068 697 voluit
1092 666 1178 698 lecto
1201 663 1382 708 quiescere,
1401 661 1459 695 sed
1476 661 1548 694 sur-

269 756 349 790 gere
368 744 484 778 saltem
508 744 609 778 semel
633 746 674 777 de
700 745 765 784 die,
790 749 824 778 et
847 743 980 778 missam
1007 746 1149 785 audire3
1177 750 1212 779 et
1235 750 1319 778 tunc
1343 741 1541 777 honestiora

270 827 473 859 indumenta
497 827 659 870 accipere,
686 831 719 859 et
742 837 885 870 mappas
909 838 947 859 ac
972 827 1040 859 alia
1062 827 1189 870 quibus
1213 825 1393 859 servitium
1419 826 1449 858 ei
1473 824 1542 857 fuit

271 906 407 940 habere.
442 905 599 940 Tandem
614 908 702 940 circa
720 907 845 940 horam
864 906 995 940 sextam
1010 908 1051 940 de
1063 919 1175 946 mane,
1189 908 1232 940 ad
1250 906 1281 940 se
1300 903 1454 939 accerfiri
1471 904 1553 937 fecit

273 986 459 1033 Magistros
472 988 494 1020 J
497 988 640 1021 acobum
653 988 814 1021 Fentoun
828 993 1095 1031 praecentorem,
1111 988 1306 1033 Georgeum
1319 987 1411 1020 Fern
1426 986 1551 1019 Archi-

272 1070 455 1102 diaconum
473 1074 507 1102 et
525 1074 695 1113 nepotem,
715 1080 837 1112 meque
855 1069 930 1113 ejus
948 1070 985 1102 in
1002 1069 1067 1102 hac
1084 1074 1182 1113 parte
1196 1069 1364 1102 vicarium
1384 1069 1542 1106 electum,

274 1155 308 1183 et
325 1154 522 1183 reverenter
539 1150 639 1193 petiit
656 1148 688 1182 se
705 1150 839 1194 inungI.
879 1148 977 1182 Inter
990 1150 1214 1193 loquendum,
1229 1150 1273 1184 ad
1291 1150 1366 1194 ejus
1384 1149 1549 1181 duximus

274 1231 477 1265 memoriam
496 1228 624 1263 Christi
643 1227 840 1273 pastionem,
858 1231 1022 1263 articulos
1040 1230 1129 1269 fidei,
1148 1231 1234 1263 illud
1251 1230 1389 1274 patroni
1408 1228 1459 1262 sui
1478 1230 1550 1262 divi

276 1312 433 1351 Martini,
448 1315 467 1329 “
479 1309 567 1343 mori
580 1321 648 1343 ozon
661 1308 772 1349 timeo,
786 1321 847 1343 nec
862 1309 979 1344 vivere
993 1310 1184 1354 reczficbo?
1222 1309 1402 1344 Christum
1417 1315 1550 1349 natum,

275 1391 417 1437 passum,
435 1397 469 1426 et
487 1396 637 1425 caeteros
656 1392 735 1425 fidei
759 1393 932 1431 articulos,
956 1393 1058 1436 plane
1079 1394 1150 1426 alta
1171 1397 1204 1426 et
1227 1403 1354 1437 magna
1372 1403 1453 1424 voce
1471 1392 1556 1424 reci-

276 1480 364 1513 tans,
387 1478 428 1507 ut
451 1473 650 1506 catholicus
676 1472 828 1512 antistes,
850 1471 1016 1506 confessus
1038 1471 1087 1506 est
1110 1472 1141 1506 se
1165 1474 1310 1506 firmiter
1334 1471 1459 1516 absque
1482 1473 1554 1505 ulla

276 1554 452 1600 questione
479 1555 625 1593 credere,
652 1558 685 1586 et
711 1553 842 1597 semper
868 1555 952 1587 dum
979 1555 1113 1588 viveret
1144 1555 1367 1593 crediturum,
1398 1552 1554 1597 despecto

277 1637 413 1670 diabolo
439 1641 473 1668 et
498 1634 784 1678 temptationibus
809 1633 887 1673 suis,
912 1633 1095 1668 solenniter
1119 1633 1323 1678 protestans,
1356 1635 1449 1678 quod
1473 1636 1555 1677 quia

280 1724 362 1752 tunc
386 1717 505 1750 firmus
524 1716 560 1748 in
577 1715 642 1748 fide
667 1720 751 1753 erat,
773 1720 807 1748 et
829 1714 930 1749 sanae
955 1727 994 1749 ac
1016 1714 1175 1749 robustae
1197 1717 1334 1755 mentis,
1358 1714 1383 1748 fi
1407 1714 1556 1759 postmo-

279 1801 362 1833 dum
392 1799 522 1831 virtute
548 1797 715 1840 corporali
742 1797 928 1836 deficiente,
955 1797 1122 1831 diabolica
1153 1798 1340 1830 calliditate
1366 1803 1427 1830 aut
1453 1808 1551 1841 argu-

280 1881 405 1914 mentis
434 1878 652 1912 naturalibus
674 1882 913 1921 temptaretur,
932 1882 966 1911 et
984 1877 1108 1917 forsan,
1126 1879 1220 1922 quod
1243 1875 1339 1917 abfit,
1358 1877 1552 1911 flecteretur

282 1963 397 2005 aliquo
424 1960 525 1994 modo
547 1971 566 1992 a
588 1959 664 1998 fide,
687 1970 757 1992 non
780 1956 834 1997 fic,
855 1957 911 1992 sed
937 1964 1042 2002 prout
1066 1958 1148 1992 sana
1171 1963 1286 1992 mente
1307 1957 1472 2002 professus
1495 1956 1554 1997 est,

278 2044 494 2088 judicaretur
509 2051 516 2073 ε
543 2040 642 2084 super
660 2045 776 2073 tamen
794 2041 920 2079 omnia,
939 2041 1077 2074 divinae
1095 2039 1346 2074 misericordiae
1365 2038 1397 2072 se
1414 2038 1556 2073 submit-

284 2132 370 2164 tens,
385 2130 417 2158 et
431 2122 602 2169 justitiam
617 2121 787 2161 recusanS,
800 2121 891 2166 spem
907 2123 1040 2156 firmam
1053 2133 1186 2167 gerens,
1198 2120 1241 2161 se,
1253 2122 1383 2155 virtute
1397 2118 1556 2164 paffionis
