1837 2698
270 912 387 966 QUO
410 925 522 969 major
539 925 619 958 huic
637 925 750 957 libello
768 925 850 957 fides
869 925 1049 962 habeatur,
1067 934 1175 967 pauca
1193 925 1234 956 de
1247 928 1386 957 auctore
1404 924 1543 967 praefari

266 1021 405 1063 placuit.
457 1021 526 1054 Ubi
545 1022 634 1054 enim
661 1026 884 1054 monumenta
902 1032 919 1053 e
937 1021 1062 1064 quibus
1081 1020 1273 1054 confectum
1293 1022 1338 1054 sit
1355 1032 1441 1064 opus
1454 1022 1543 1065 jam-

266 1119 395 1152 dudum
415 1120 530 1152 omnia
547 1119 689 1162 periere,
708 1119 820 1161 operis
838 1118 978 1161 quidem
1002 1119 1152 1161 pretium
1175 1122 1250 1151 tum
1273 1118 1423 1150 maxime
1442 1128 1544 1162 auge-

266 1220 334 1253 tur,
360 1219 436 1248 tum
455 1226 570 1248 veram
598 1216 775 1259 scriptoris
803 1215 1064 1247 {estimationem
1091 1225 1131 1246 eo
1152 1214 1344 1247 accuratius
1365 1215 1544 1257 exquirere

265 1321 400 1343 necesse
418 1316 478 1344 est.

314 1407 523 1450 Quanquam
541 1407 583 1439 de
601 1406 675 1439 vita
692 1408 799 1439 nostri
818 1406 955 1449 privata
968 1418 1138 1450 perpauca
1151 1407 1279 1440 tradita
1293 1411 1385 1445 sunt,
1399 1418 1543 1440 munera

266 1507 381 1535 tamen
395 1502 543 1546 publica,
554 1513 633 1545 quae
647 1513 709 1545 per
723 1506 909 1535 crescentes
923 1513 1032 1545 usque
1046 1503 1227 1547 dignitatis
1240 1503 1368 1547 gradus
1380 1503 1542 1546 explevit.

266 1599 370 1631 talem
389 1609 466 1631 eum
484 1598 591 1631 fuisse
605 1603 768 1643 arguunt,
783 1603 817 1631 et
834 1603 905 1631 tam
920 1598 1042 1632 faustis
1058 1599 1214 1632 veritatis
1228 1600 1472 1644 cognoscendae
1489 1611 1543 1632 oc-

265 1695 458 1728 casionibus
476 1695 637 1738 potitum,
655 1700 695 1728 ut
709 1696 768 1728 vix
784 1695 944 1728 dubitare
957 1696 1067 1734 liceat,
1081 1696 1165 1739 quin
1176 1707 1230 1729 res
1244 1697 1298 1728 vel
1312 1707 1375 1729 suo
1388 1700 1541 1739 tempore

266 1792 318 1823 vel
348 1792 529 1824 vetustiori
557 1796 682 1835 gestas,
717 1803 866 1835 quarum
893 1793 1097 1825 documenta
1126 1792 1162 1824 in
1193 1792 1352 1825 manibus
1382 1793 1543 1826 habuisse

265 1891 478 1928 compertum
497 1891 559 1925 est,
577 1887 725 1920 fideliter
742 1889 925 1931 scripserit.

312 1983 511 2016 Alexander
535 1983 649 2027 Myln,
667 1984 780 2017 dictus
804 1985 839 2017 in
862 1985 950 2017 libro
969 1995 1032 2017 suo
1055 1988 1075 2002 ‘⁶
1092 1985 1323 2028 prebe-udatus
1348 1986 1390 2018 de
1416 1985 1542 2029 Mony-

264 2078 328 2122 thy
362 2080 397 2112 in
428 2080 566 2113 dioecesi
601 2079 852 2119 Dunkeldensi,
888 2081 1110 2125 ejusdemque
1141 2082 1320 2115 dioeceseos
1351 2083 1544 2122 canonicus,
