1837 2698
262 295 308 334 96
546 296 806 328 COMPOTUM
829 296 1051 328 MAGISTRI
1074 295 1272 328 FABRICE

265 487 428 530 lapicidii,
449 486 577 530 quibus
601 486 681 520 usus
703 485 752 520 est
772 486 949 520 Johannes
972 487 1152 532 Queryeor
1173 488 1259 521 citra
1282 487 1447 520 ferrinam
1474 487 1544 520 dat.

264 566 364 601 fabro
390 567 432 600 de
457 566 732 612 Sloiggynehoill
757 568 891 601 allocat.
913 572 948 601 et
974 569 1117 601 allocan.
1135 569 1325 613 graniterio
1343 568 1402 612 xvj
1423 570 1448 601 ἔ.
1466 566 1490 612 ij
1511 565 1544 600 d.

265 647 315 681 Et
340 649 508 681 allocatur
532 649 643 681 eidem
664 648 702 681 in
722 648 944 682 refectionem
966 648 1139 682 serrorum
1164 649 1187 681 J
1190 649 1337 682 ohannis
1356 648 1459 692 Wiys
1482 658 1545 691 per

264 733 402 772 tempus
420 729 570 773 compoti
588 729 648 774 viij
668 731 693 762 ἔ.
711 729 735 773 ij
755 727 788 762 d.
839 728 889 762 Et
907 730 1074 762 allocatur
1092 730 1202 762 eidem
1220 740 1282 772 per
1302 729 1545 762 liberacionem

265 810 391 843 factam
412 809 547 843 Thome
566 808 719 854 Ramsay
743 809 843 843 fabro
871 811 1039 844 conducto
1056 821 1118 854 per
1140 821 1271 843 annum
1294 810 1337 843 ab
1360 810 1545 843 undecimo

266 889 476 923 Novembris
500 891 582 923 anni
601 895 659 923 ''c00
677 892 712 924 vc
728 887 783 924 xm
800 891 837 924 in
855 892 1002 924 eundem
1020 892 1111 924 diem
1129 902 1221 924 anno
1238 891 1396 924 revoluto
1414 889 1545 933 capien-

264 973 302 1005 in
327 982 418 1004 anno
440 972 526 1004 citra
547 971 675 1005 bollam
698 971 826 1004 ferrine
847 972 885 1004 in
905 971 1018 1004 mense
1044 972 1190 1016 triginta
1216 970 1339 1004 solidos
1365 970 1456 1003 feodi
1482 981 1547 1013 pro

264 1053 325 1085 illo
342 1062 434 1085 anno
450 1049 539 1084 xxxtj
559 1054 583 1084 ἔ.
630 1051 680 1084 Et
698 1052 808 1084 eidem
826 1050 1046 1095 postmodum
1063 1062 1133 1085 non
1153 1051 1321 1085 conducto
1339 1049 1396 1084 sed
1414 1051 1545 1094 capien.

265 1143 328 1176 pro
345 1130 465 1165 frustri
482 1132 567 1165 ferri
584 1132 802 1165 laboracione
819 1130 876 1165 sex
894 1132 1053 1165 denarios
1072 1133 1107 1165 in
1125 1132 1241 1165 labore
1261 1135 1401 1164 centum
1420 1130 1546 1164 tresde-

265 1216 332 1249 cim
350 1226 430 1248 eum
447 1215 598 1248 dimedio
615 1213 735 1248 frustri
754 1215 790 1247 in
808 1215 954 1258 pecunia
971 1215 1021 1248 lix
1039 1217 1063 1247 ἔ.
1079 1215 1139 1258 viij
1159 1212 1192 1247 d.
1229 1213 1279 1247 Et
1298 1214 1408 1246 eidem
1425 1214 1463 1247 in
1479 1213 1547 1247 fer—

265 1297 438 1329 racionem
461 1306 630 1339 equorum
657 1295 869 1328 verudorum
894 1305 937 1328 ex
959 1295 1109 1338 propriis
1127 1294 1228 1328 ferris
1247 1299 1280 1328 et
1298 1294 1405 1327 clauis
1424 1294 1548 1338 aliqui-

265 1377 329 1410 bus
347 1374 488 1410 existen.
506 1375 575 1410 suis
594 1376 774 1409 extenden.
794 1376 832 1409 in
849 1376 949 1408 totali
969 1386 1115 1408 numero
1138 1375 1182 1409 ad
1203 1373 1399 1420 sexinginta
1420 1373 1546 1408 tresde-

265 1459 331 1491 cim
357 1458 487 1502 capien.
511 1468 574 1501 pro
604 1457 758 1501 qualibet
785 1457 975 1490 ferracione
1006 1456 1148 1489 obulum
1178 1466 1252 1489 xxv
1277 1458 1302 1489 ἔ.
1328 1456 1362 1501 vj
1378 1466 1395 1498 3
1413 1454 1446 1489 d.
1497 1454 1547 1488 Et

264 1539 376 1572 eidem
397 1548 460 1581 pro
482 1548 606 1570 novem
624 1537 725 1571 ferris
744 1548 913 1581 equorum
931 1547 1009 1570 cum
1024 1537 1131 1570 clauis
1150 1536 1174 1581 ij
1195 1538 1219 1569 ἓ.
1237 1536 1274 1569 ix
1291 1534 1324 1569 d.
1364 1535 1415 1568 Et
1433 1535 1545 1568 eidem

266 1617 402 1652 Thome
436 1616 588 1662 Ramsay
621 1618 658 1652 in
694 1617 849 1651 laborem
882 1615 982 1650 suum
1013 1617 1103 1650 circa
1136 1614 1183 1649 lie
1215 1614 1356 1658 busa-hes
1379 1617 1423 1649 ad
1452 1620 1546 1650 rotas

265 1701 428 1734 redarum
454 1699 488 1744 vj
516 1702 541 1732 ἔ.
567 1699 604 1733 ix
628 1697 661 1732 d.
716 1697 766 1732 Et
791 1698 904 1732 alieno
928 1697 1028 1731 fabro
1058 1698 1101 1731 de
1132 1696 1380 1742 Cupergrange
1410 1697 1545 1730 venien.

266 1781 360 1825 apud
389 1779 555 1814 Dunkeld
586 1784 773 1824 antequam
802 1779 936 1823 proprii
965 1778 1056 1811 fabri
1085 1777 1284 1811 habuerunt
1314 1782 1425 1811 artem
1455 1787 1546 1810 com-

266 1861 416 1904 ponendi
446 1858 493 1893 lie
522 1857 664 1903 busches
691 1860 730 1893 in
763 1856 919 1903 expenfis
952 1858 1088 1891 itineris
1124 1863 1159 1891 et
1192 1858 1384 1891 mercedem
1418 1857 1545 1890 laboris

266 1942 304 1987 iij
324 1945 348 1976 ἓ.
371 1941 405 1987 vj
425 1939 458 1975 d.
508 1940 558 1975 Et
585 1941 753 1975 allocatur
777 1940 887 1974 eidem
913 1950 975 1984 per
997 1939 1241 1972 liberacionem
1263 1938 1391 1972 factam
1409 1935 1546 1971 Alester

268 2022 411 2067 Smytht
437 2022 537 2056 fabro
564 2022 603 2056 in
625 2022 741 2056 labore
762 2026 901 2055 centum
923 2021 1071 2067 triginta
1091 2024 1168 2054 octo
1189 2018 1235 2054 lie
1256 2017 1392 2066 lwmpis
1414 2019 1543 2062 capien,

272 2113 336 2146 pro
362 2101 479 2136 labore
511 2100 693 2148 cujussibet
723 2105 799 2136 octo
825 2100 983 2135 denarios
1010 2105 1035 2134 Ἲς
1059 2099 1187 2135 bibalia
1210 2078 1261 2145 iffij
1281 2099 1316 2134 li.
1342 2099 1390 2144 xij
1410 2096 1444 2132 d.
1494 2097 1544 2132 Et
