1837 2698
400 319 539 350 VITAE
562 318 895 351 EPISCOPORUM
917 315 1326 349 DUNKELDENSIUM.
1457 319 1502 349 33

222 434 302 468 tem,
327 430 426 463 miles
453 441 532 463 cum
559 430 741 463 duodecim
767 429 943 473 equitibus
969 427 1152 461 temerarie
1178 423 1314 464 invasit,
1341 430 1375 458 et
1397 424 1502 457 armis

221 509 395 555 aggressus
413 509 463 544 est
480 511 679 555 pontificem
697 516 731 544 et
748 510 847 549 suos3
873 511 966 554 quod
984 507 1047 542 nisi
1065 510 1154 542 idem
1170 507 1327 552 pontifex
1342 512 1376 540 et
1390 505 1502 539 secum

221 589 433 625 ecclefiastiei
469 590 654 626 existentes
690 591 878 625 familiares
909 591 1056 635 episcopi
1090 587 1377 633 compescuiffent,
1410 588 1502 620 idem

221 672 393 706 Dominus
423 673 573 707 Jacobus
604 684 683 707 cum
716 672 784 706 suis
815 673 931 717 gladio
961 675 1234 715 percuterentur.
1290 670 1502 703 Mediatione

222 755 331 799 igitur
342 753 643 788 ecclesiasticorum
656 766 725 799 pax
735 753 849 787 secuta
863 752 911 786 est
925 764 988 797 pro
1002 757 1106 791 tunc;
1125 756 1160 785 et
1175 752 1216 784 ad
1232 751 1503 784 convincendam

220 836 341 869 militis
367 836 537 869 malitiam
562 834 739 880 episcopus
764 832 989 880 retrogressus
1013 833 1121 878 usque
1140 833 1316 866 civitatem
1334 832 1504 876 pervenit,

218 926 252 950 et
270 918 368 950 miles
386 918 518 950 curiam
537 918 634 957 adiit,
649 928 691 950 ex
711 921 793 949 tunc
810 915 943 959 semper
961 915 1162 948 tenentibus
1181 912 1328 957 episcopi
1346 914 1502 952 nocivus,

219 997 418 1041 praesertim
442 999 483 1031 de
506 998 725 1043 Pettindyny
747 1001 781 1031 et
807 997 984 1041 Kynvaid.
1036 996 1152 1034 Quare
1178 993 1365 1039 episcopus,
1392 994 1503 1027 milite

218 1078 333 1118 inscio,
358 1084 469 1113 terras
495 1080 538 1112 de
561 1077 700 1112 WVester
726 1078 915 1123 Kynwaid,
945 1075 1083 1110 WVester
1115 1074 1306 1110 Lowstoun
1336 1080 1371 1109 et
1400 1074 1503 1109 Ester

218 1159 418 1199 Lowstoun,
437 1158 593 1194 ecclesiae
610 1160 783 1194 fructibus
803 1160 845 1192 de
864 1159 1077 1192 Crawmund
1096 1169 1159 1202 pro
1177 1158 1328 1191 triennio
1347 1157 1501 1190 Roberto

218 1241 266 1272 W
267 1253 339 1274 aws
358 1240 517 1286 burgensi
535 1242 577 1274 de
595 1240 808 1285 Edinburgh
827 1240 968 1273 domino
986 1239 1175 1272 earundem
1193 1236 1383 1283 affignatis,
1406 1239 1500 1276 emit,

218 1320 440 1366 ecclesiaeque
466 1321 545 1355 suae
571 1322 833 1360 admortizatas,
860 1325 894 1354 et
920 1320 1084 1354 baroniae
1110 1317 1347 1353 Dunkeldenfi
1373 1320 1501 1358 unitas,

220 1404 316 1448 regia
333 1404 540 1437 liberalitate
558 1404 735 1443 obtinuit3
763 1414 802 1436 eo
821 1407 938 1435 tamen
960 1406 1072 1445 pacto,
1093 1406 1133 1435 ut
1154 1402 1323 1435 darentur
1340 1402 1381 1435 de
1399 1403 1502 1435 eccle-

219 1483 266 1517 fia
298 1485 336 1517 in
370 1485 482 1528 capite
516 1485 685 1518 tenendae
721 1484 858 1517 cuidam
892 1482 1046 1523 seculari,
1080 1482 1260 1516 servitium
1294 1482 1499 1517 forinsecum

216 1565 375 1610 supremo
399 1566 540 1599 domino
563 1563 681 1599 nostro
705 1565 796 1611 Regi
814 1564 1021 1609 impensuro.
1073 1563 1279 1610 Conquestis
1298 1576 1380 1599 vero
1398 1566 1500 1599 terris

216 1647 295 1687 illis,
314 1652 348 1681 et
366 1648 403 1681 in
420 1648 534 1681 medio
554 1647 753 1686 earundem,
770 1646 871 1691 super
889 1646 992 1680 terris
1010 1644 1241 1680 ecclesiasticis
1256 1648 1297 1680 de
1311 1647 1499 1692 Kynwaid,

216 1729 405 1762 maneriem
430 1727 646 1769 construxit3
674 1733 708 1762 et
731 1726 776 1762 fic
797 1732 909 1762 terras
934 1728 1010 1761 illas
1037 1732 1070 1762 et
1097 1725 1254 1762 ecclesiae
1280 1733 1436 1763 tenentes
1462 1729 1498 1762 in

217 1820 298 1853 pace
316 1807 522 1843 observavit.

267 1971 345 2004 Hac
361 1972 466 2016 plaga
483 1976 518 2004 et
535 1975 634 2015 parte
657 1971 811 2005 limitum
838 1970 1052 2016 episcopatus
1077 1971 1265 2016 pacificata,
1292 1983 1404 2006 novus
1427 1971 1500 2006 sur-

216 2053 307 2087 rexit
332 2053 494 2086 inimicus
519 2051 671 2086 ,Iacobus
699 2051 837 2098 Hering
859 2053 900 2086 de
924 2052 1038 2098 Clony
1059 2054 1184 2093 dictus,
1209 2053 1300 2087 filius
1327 2053 1500 2099 primoge-

215 2136 310 2169 nitus
335 2140 369 2169 et
394 2135 515 2169 haeres
541 2134 688 2168 Davidis
717 2134 854 2180 Hering
876 2135 918 2168 de
944 2135 1131 2180 Lethindy.
1182 2134 1283 2169 Adeo
1308 2136 1499 2180 inquilinos

845 2225 870 2249 E
