1837 2698
642 302 805 334 PONTIS
827 302 1192 334 DUNKELDENSIS.
1494 308 1510 338 1
1517 309 1561 339 03

283 412 317 442 vC
334 411 516 444 undecimo
533 412 687 455 quinque
706 413 816 445 celdre
835 424 958 445 novem
977 412 1066 445 bolle
1084 417 1118 446 et
1135 423 1252 450 unum,
1264 412 1419 444 modium
1434 411 1561 445 ferrine

281 492 461 524 extenden.
480 493 516 525 in
533 493 679 535 pecunia
697 493 740 526 ad
764 493 798 537 xj
820 494 854 525 li.
874 493 959 536 xviij
980 495 1004 526 ἔ.
1056 492 1106 525 Et
1123 491 1248 525 eisdem
1269 493 1305 525 in
1324 503 1414 525 anno
1433 493 1561 525 duode-

280 571 368 604 cimo
386 576 426 605 ut
444 577 538 615 patet
556 573 592 605 in
610 577 769 616 compoto
791 572 939 617 ejusdem
964 573 1145 617 graniterii
1170 573 1297 606 redditi
1323 573 1416 616 apud
1440 572 1561 606 Doun-

279 651 359 684 keld
385 653 494 697 xxviij
526 652 734 686 Novembris
762 657 796 686 et
823 653 908 697 xviij
941 639 1124 686 Februarii
1150 654 1187 685 in
1213 664 1304 686 anno
1332 658 1388 685 *fc*
1416 654 1449 685 vc
1474 653 1561 698 Xijm⁰

279 730 490 766 considerato
515 738 674 776 compoto
699 734 783 766 dicti
806 733 989 777 graniterii
1011 744 1080 776 quo
1100 734 1143 766 ad
1160 733 1327 766 ferrinam
1344 733 1403 777 xvj
1423 733 1458 765 li.
1510 733 1559 766 Et

277 811 402 845 eisdem
430 811 653 846 servitoribus
681 813 811 846 ferrina
837 814 1028 857 graniterio
1054 814 1196 846 allocan.
1219 814 1256 846 in
1279 814 1369 846 diem
1397 825 1560 847 exonera-

276 893 383 926 cionis
409 894 596 926 eorundem
620 904 641 925 a
664 894 824 936 lapicidio
848 893 908 936 qui
932 892 1001 925 fuit
1027 893 1063 925 in
1090 904 1181 926 anno
1207 893 1339 926 domini
1366 898 1423 926 *tc*
1442 896 1477 926 vc
1494 895 1554 939 xiij

274 971 376 1016 xiiijto
392 971 544 1017 Augusti
563 978 706 1016 propter
719 973 927 1005 excercitum
947 972 1099 1017 Regium
1117 984 1180 1016 per
1193 977 1391 1016 compotum
1406 973 1555 1017 ejusdem

274 1052 403 1085 farrine
417 1053 452 1085 in
467 1054 528 1098 xiij
546 1053 755 1087 Novembris
771 1054 818 1098 vij
834 1055 869 1087 li.
884 1054 945 1098 xiij
963 1057 986 1087 ἔ.
1001 1055 1051 1099 iiij
1067 1052 1100 1088 d.
1126 1054 1176 1088 Et
1189 1055 1357 1088 allocatur
1370 1056 1481 1088 eidem
1495 1067 1556 1099 per

273 1133 514 1167 liberacionem
528 1134 656 1167 factam
673 1134 696 1167 J
699 1135 827 1168 ohanni
839 1134 1012 1180 Skougale
1024 1134 1165 1168 existen.
1180 1147 1257 1169 eum
1270 1136 1293 1168 J
1295 1136 1423 1169 ohanni
1436 1136 1554 1181 XViyse

273 1214 310 1246 in
328 1214 521 1248 lucracione
539 1215 694 1258 lapidum
714 1216 814 1249 calcis
833 1227 853 1249 a
871 1220 996 1259 quarto
1008 1216 1031 1248 J
1033 1217 1169 1261 anuarij
1186 1217 1267 1250 anni
1284 1223 1340 1250 *tc*
1355 1219 1389 1250 vc
1401 1219 1450 1262 xij
1466 1219 1553 1251 citra

274 1295 440 1328 ferrinam
459 1301 630 1339 receptam
650 1308 670 1329 a
687 1297 828 1330 domino
846 1297 937 1340 apud
953 1296 1065 1341 Clony
1080 1298 1103 1342 ij
1120 1300 1145 1331 ἔ.
1188 1297 1238 1331 Et
1255 1299 1424 1332 allocatur
1441 1299 1551 1333 eidem

271 1386 333 1418 per
351 1375 594 1410 liberacionem
613 1376 739 1410 factam
753 1377 776 1409 J
778 1377 907 1410 ohanni
922 1377 1070 1411 Tulloch
1084 1378 1169 1411 alias
1184 1378 1427 1423 Cwnyngham
1441 1380 1552 1413 latho-

270 1467 326 1489 mo
344 1457 513 1490 conducto
531 1468 551 1490 a
568 1457 676 1498 tercio
692 1457 852 1490 Octobris
870 1458 907 1490 in
921 1469 1012 1491 anno
1027 1464 1086 1491 *tc*
1099 1460 1133 1491 vc
1146 1459 1179 1492 xi
1179 1459 1233 1503 jm⁰
1246 1460 1284 1492 in
1298 1460 1444 1493 eundem
1459 1461 1549 1493 diem

269 1548 359 1570 anno
377 1538 535 1571 revoluto
550 1538 680 1582 capien.
699 1539 735 1571 in
753 1539 945 1572 mercedem
963 1550 1116 1572 annuam
1134 1540 1244 1572 decim
1262 1540 1368 1573 libras
1387 1545 1421 1573 et
1440 1540 1550 1574 Tuni-

267 1629 341 1651 cam
360 1619 532 1651 valentem
549 1619 674 1663 viginti
692 1617 816 1652 solidos
833 1619 869 1664 xj
889 1619 924 1651 li.
980 1618 1030 1652 Et
1050 1620 1219 1652 allocatur
1238 1621 1348 1653 eidem
1371 1631 1433 1664 per
1456 1632 1550 1664 emp-

267 1699 399 1732 cionem
426 1700 720 1744 noningentorum
746 1701 893 1745 triginta
919 1700 1068 1733 duorum
1095 1702 1239 1734 'onerum
1265 1702 1331 1734 luti
1356 1702 1399 1734 ad
1425 1701 1549 1734 funda-

267 1783 424 1812 mentum
441 1778 654 1824 Lamffim'le
672 1785 704 1813 et
724 1781 874 1823 pilarum
893 1780 1008 1823 pontis
1031 1792 1093 1824 per
1110 1785 1225 1814 totum
1242 1786 1379 1824 tempus
1397 1782 1546 1824 compoti

265 1838 314 1902 iiij
334 1859 369 1891 li.
388 1859 425 1892 ix
443 1862 466 1891 ἒ.
518 1859 568 1892 Et
593 1861 763 1893 allocatur
787 1860 899 1892 eidem
923 1871 986 1903 per
1011 1860 1254 1894 liberacionem
1279 1860 1406 1894 factam
1427 1860 1545 1894 Dauid

265 1939 382 1972 Ghent
401 1945 435 1973 et
453 1938 609 1973 ‚Iohanni
628 1940 740 1984 Rogie
758 1951 796 1973 ac
815 1941 916 1973 certis
939 1941 1105 1984 operariis
1128 1939 1356 1974 servientibus
1381 1941 1544 1975 lathomis

264 2021 300 2053 in
318 2018 570 2054 constructione
589 2019 635 2054 lie
652 2019 865 2065 Landstailc
888 2021 937 2065 iiij
958 2021 992 2053 li.
1011 2021 1048 2065 iij
1077 2023 1100 2053 ἓ.
1128 2021 1164 2065 iij
1177 2031 1194 2063 3
1218 2018 1251 2054 d.
1302 2021 1352 2054 Et
1378 2022 1545 2055 allocatur

262 2101 370 2134 eidem
394 2112 456 2144 per
477 2102 690 2146 empcionem
713 2103 862 2136 duorum
886 2102 1035 2135 millium
1053 2106 1087 2135 et
1105 2102 1376 2148 quingentorum
1398 2113 1542 2137 onerum
