1837 2698
300 304 345 338 86
562 307 821 340 COMPOTUM
843 307 1069 340 MAGISTRI
1091 307 1286 341 FABRICE

296 412 448 448 Domino
469 415 626 451 Gilberto
648 417 799 461 Scharpe
822 417 1012 462 graniterio
1034 417 1177 452 Domini
1198 419 1235 451 in
1258 418 1367 452 Perth
1384 418 1426 451 de
1444 417 1571 462 quibus

294 494 385 528 idem
411 497 622 541 graniterius
653 498 804 531 reddidit
829 503 1027 542 compotum
1054 500 1147 543 apud
1173 499 1350 533 Tullelum
1375 499 1486 543 xxviij
1516 500 1570 532 die

294 573 417 610 1ne1'1fis
435 576 645 612 Novembris
669 589 761 612 anno
786 579 917 612 domini
944 577 1123 613 millefimo
1140 577 1414 626 quingentesimo
1437 580 1569 613 decimo

292 654 341 690 Et
359 657 401 690 de
419 658 452 703 vj
473 659 507 692 li.
526 670 574 692 xv
593 661 618 693 ἔ.
637 659 671 704 vj
691 657 724 693 d.
742 664 868 704 recept.
887 660 930 693 ab
953 661 1072 694 eodem
1095 662 1137 694 de
1154 661 1281 705 quibus
1305 661 1455 694 reddidit
1478 672 1570 694 com-

291 742 409 779 potum
438 741 529 783 apud
548 740 734 774 Dounkeld
752 741 956 775 duodecimo
974 742 1029 775 die
1055 739 1178 775 menfis
1197 742 1379 786 Februarij
1399 752 1491 774 anno
1510 747 1566 774 '’c&

291 820 324 850 vc
342 820 415 865 xj¹¹³⁰
448 820 498 854 Et
515 822 556 854 de
575 822 635 866 viij
655 823 681 854 ἔ.
707 827 832 865 recept.
856 822 900 856 ab
921 823 1040 856 eodem
1063 823 1105 856 de
1132 823 1259 867 quibus
1286 823 1394 856 eciam
1417 822 1568 856 reddidit

287 906 485 945 compotum
512 903 605 946 apud
623 902 799 936 Tullelum
825 903 911 936 xxix
928 903 1063 947 Aprilis
1093 915 1184 937 anno
1204 910 1262 937 ”tc⁴
1281 906 1315 937 ve
1332 904 1418 949 xijm⁰
1456 902 1506 936 Et
1524 904 1565 937 de

288 991 359 1014 xxv
376 983 412 1015 li.
430 983 502 1028 xvij
523 985 546 1015 ἔ.
565 983 603 1027 iij
623 981 655 1016 d.
674 989 800 1027 recept.
818 984 862 1017 ab
887 985 1005 1018 eodem
1028 985 1069 1018 de
1087 985 1214 1029 quibus
1236 983 1393 1019 fimiliter
1415 985 1566 1018 reddidit

285 1068 482 1107 compotum
505 1065 597 1108 apud
626 1064 803 1098 Tullelum
821 1065 932 1110 xvijm⁰
948 1064 1108 1111 Januarij
1137 1077 1228 1099 anno
1251 1071 1309 1100 vec*
1327 1068 1362 1099 vc
1379 1066 1466 1111 xijm⁰
1515 1066 1564 1099 Et

285 1144 326 1176 de
344 1145 380 1178 ix
394 1145 429 1178 li.
444 1145 480 1190 iij
497 1147 522 1178 ἕ,
536 1146 571 1178 ix
585 1143 618 1178 d.
634 1146 777 1189 receptis
796 1146 840 1179 ab
857 1146 975 1179 eodem
994 1147 1036 1179 de
1054 1146 1181 1190 quibus
1198 1147 1348 1180 reddidit
1366 1152 1563 1192 compotum

284 1225 377 1268 apud
389 1225 566 1260 Tullelum
584 1227 670 1271 xviij
686 1226 820 1270 Aprilis
832 1237 923 1260 anno
943 1232 1000 1260 'ze‘
1015 1229 1049 1259 vc
1061 1228 1149 1272 xiij0.
1188 1226 1238 1261 Et
1255 1228 1297 1260 de
1314 1238 1386 1261 xxv
1403 1228 1439 1261 li.
1457 1228 1519 1273 viij
1539 1230 1562 1261 ἔ.

283 1317 305 1338 Χ
324 1306 355 1339 (1.
377 1312 502 1351 recept.
522 1307 565 1341 ab
592 1307 710 1341 eodem
733 1308 843 1341 eidem
865 1308 902 1340 in
926 1309 1086 1352 proximo
1110 1312 1269 1352 compoto
1290 1306 1350 1342 suo
1374 1308 1562 1342 Reddendo

282 1388 423 1421 allocan.
462 1387 512 1421 Et
537 1389 579 1422 de
605 1389 639 1434 vj
660 1389 694 1421 li.
721 1394 846 1432 recept.
873 1401 894 1423 a
919 1388 1070 1423 Domino
1097 1388 1287 1423 Willielmo
1308 1389 1459 1423 Moncur
1483 1400 1562 1435 gra-

280 1468 405 1502 niterio
435 1468 616 1503 Laudonie
646 1470 687 1502 de
715 1469 842 1513 quibus
871 1471 963 1503 idem
993 1470 1204 1515 graniterius
1238 1470 1390 1504 reddidit
1425 1481 1560 1514 compo-

279 1554 355 1582 tum
381 1551 473 1593 apud
496 1550 683 1584 Dounkeld
700 1551 773 1595 xjm⁰
785 1551 840 1584 die
866 1548 990 1584 menfis
1011 1550 1212 1584 Decembris
1238 1562 1329 1584 311110
1348 1555 1404 1584 ἮΓ
1426 1553 1459 1583 v‘
1476 1551 1559 1595 xj'm.

279 1628 329 1663 Et
342 1630 383 1663 de
396 1631 456 1675 xvj
472 1631 507 1663 li.
521 1635 646 1675 recept.
665 1631 708 1664 ab
726 1632 845 1676 eodem
860 1632 901 1665 de
919 1631 1045 1676 quibus
1063 1631 1171 1664 eciam
1190 1631 1341 1664 reddidit
1359 1637 1558 1675 compotum

277 1712 371 1754 apud
391 1710 576 1745 Dounkeld
594 1712 680 1757 xxiij
700 1711 755 1746 die
773 1710 897 1746 mensis
915 1712 1097 1757 Februarij
1117 1723 1209 1746 311110
1228 1718 1283 1746 *cc*
1303 1714 1337 1745 vc
1355 1713 1558 1747 duodecimo

284 1789 333 1824 Et
351 1791 393 1824 de
414 1791 449 1836 xj
469 1792 504 1825 li.
522 1792 570 1836 xij
591 1794 615 1825 ἔ.
634 1771 684 1837 i‘fij
703 1790 736 1825 d.
758 1797 883 1836 recept.
906 1804 927 1826 3
950 1790 1121 1837 Magistro
1146 1791 1276 1826 Jacobo
1303 1791 1403 1836 Lyne
1429 1793 1556 1827 decano

275 1872 455 1906 Laudonie
473 1871 534 1906 fibi
552 1873 589 1906 in
609 1873 769 1916 proximo
792 1878 952 1917 compoto
972 1871 1032 1906 suo
1055 1873 1230 1906 reddendo
1253 1874 1396 1906 allocan.
1447 1873 1497 1908 Et
1515 1875 1556 1907 de

273 1952 356 1996 xxvj
379 1953 414 1985 li.
438 1952 500 1997 xiij
530 1954 554 1985 ἔ.
585 1931 636 1997 i‘iij
659 1951 691 1986 d.
715 1954 862 1998 receptis
886 1965 906 1986 a
933 1952 1085 1987 Patricio
1110 1952 1193 1998 Hay
1216 1953 1258 1986 de
1285 1950 1465 1997 Eschindy
1492 1951 1553 1987 fibi

273 2034 484 2076 compotanti
502 2045 564 2078 per
579 2033 828 2079 obligacionem
842 2034 994 2068 Domino
1011 2034 1053 2068 de
1067 2034 1268 2079 octuaginta
1284 2034 1407 2067 mercis
1425 2033 1551 2067 factam

270 2117 304 2146 et
328 2110 544 2147 ceffionatam
566 2114 602 2147 in
626 2125 712 2159 opus
731 2114 854 2148 Pontis
898 2115 948 2149 Et
965 2115 1007 2148 de
1023 2115 1123 2160 xlviij
1143 2115 1178 2149 li.
1196 2115 1343 2159 receptis
1369 2125 1389 2148 3
1412 2113 1552 2147 (101111110
