1837 2698
636 301 801 333 PONTIS
823 301 1182 333 DUNKELDENSIS.
1505 305 1550 340 95

271 410 394 444 coloris
419 414 454 443 et
476 421 538 454 per
559 410 734 445 'rhomam
756 411 895 445 Towris
918 423 1008 445 unus
1035 412 1135 456 niger
1160 422 1270 455 equus
1295 414 1330 443 et
1352 421 1413 454 per
1430 409 1552 443 Domi-

269 502 353 525 num
379 491 551 525 Comitem
575 493 617 525 de
641 491 767 537 Ergyll
791 504 882 526 unus
907 504 1015 536 equus
1039 493 1108 536 pile
1126 491 1172 526 lie
1184 491 1274 536 [ο3]ν
1291 495 1326 525 et
1343 502 1405 534 per
1421 490 1552 523 Johan-

270 583 349 605 nem
377 571 449 605 Ros
481 573 657 617 juniorem
688 574 730 606 de
756 573 874 618 Cragy
899 585 990 607 unus
1017 585 1127 617 equus
1153 574 1253 607 albus
1279 578 1314 606 et
1340 584 1402 617 per
1431 572 1552 605 Domi-

271 664 355 686 num
377 652 572 686 Johannem
598 653 749 687 Stewart
771 655 918 687 militem
942 665 1033 688 unus
1059 666 1169 698 equus
1191 655 1290 688 albus
1315 659 1349 687 et
1366 665 1428 697 per
1445 653 1554 686 Deca-

272 745 356 767 num
387 733 687 767 Dounkeldensem
719 739 789 767 tres
820 735 899 778 equi
925 735 1017 779 nigri
1044 740 1079 768 et
1104 747 1166 779 per
1192 735 1374 769 Vicarium
1401 735 1443 768 de
1470 734 1553 768 Ret-

272 819 351 858 tray
369 814 560 848 Dominum
579 814 810 848 Willielmum
829 814 947 848 Lacok
965 827 1055 849 unus
1074 817 1174 861 niger
1191 828 1311 860 equus.
1363 816 1412 850 Et
1430 818 1554 850 alloca-

272 901 331 929 tur
353 895 565 938 compotanti
589 906 649 938 per
671 895 913 928 liberacionem
936 895 1064 929 factam
1085 895 1191 930 servis
1213 897 1386 930 dictorum
1409 897 1552 930 Domini

272 1056 440 1089 allocatur
454 1056 564 1088 eidem
579 1066 641 1099 per
657 1056 873 1099 empcionem
892 1061 1031 1090 centum
1050 1058 1198 1102 triginta
1214 1057 1272 1091 sex
1294 1056 1454 1092 Widdeis
1470 1059 1554 1093 ferri

1042 1119 1066 1132 01⁷

272 1139 368 1172 vario
386 1139 501 1183 precio
524 1139 560 1172 in
584 1139 732 1182 pecunia
748 1139 835 1184 xxiij
856 1140 891 1172 li.
909 1140 968 1184 xvj
989 1143 1013 1173 3.
1032 1141 1083 1185 iiij
1102 1138 1136 1173 d.
1186 1140 1237 1174 Et
1254 1142 1423 1176 allocatur
1443 1144 1555 1177 eidem

272 1231 333 1262 per
359 1220 572 1263 empcionem
598 1220 746 1264 triginta
768 1221 873 1253 unius
897 1225 1077 1264 petrarum
1103 1222 1186 1256 ferri
1210 1234 1289 1256 cum
1313 1225 1487 1267 portitura
1513 1237 1555 1258 ex

271 1380 543 1424 quingentorum
562 1385 597 1413 et
620 1381 770 1414 duorum
795 1380 969 1415 serrorum
990 1383 1198 1427 equinorum
1221 1386 1319 1419 vario
1342 1387 1468 1429 precio,
1495 1398 1556 1430 per

271 1468 409 1506 tempus
427 1464 578 1506 compoti
596 1474 619 1496 x
636 1464 672 1496 li.
690 1443 740 1509 1⁰i‘ij
761 1468 785 1498 ἔ.
803 1476 828 1498 x
847 1463 880 1499 d.
941 1466 991 1500 Et
1008 1477 1071 1510 per
1089 1469 1301 1511 empcionem
1326 1469 1474 1514 triginta
1498 1470 1555 1503 sex

271 1544 443 1578 serrorum
470 1555 549 1577 cum
575 1546 682 1578 clauis
707 1546 744 1578 ix
769 1549 794 1579 3.
860 1546 910 1580 Et
935 1548 1104 1582 allocatur
1129 1549 1239 1582 eidem
1266 1550 1301 1582 in
1329 1549 1555 1585 ferracionem

272 1629 425 1658 rotarum
449 1626 612 1658 redarum
638 1627 753 1670 primo
774 1628 869 1671 apud
896 1628 1022 1662 Pertht
1043 1630 1079 1663 in
1101 1627 1245 1675 fingulis
1267 1630 1388 1665 ferreis
1412 1631 1557 1667 necessa-

272 1706 331 1739 riis
349 1706 387 1751 iij
407 1707 442 1739 li.
460 1707 533 1751 xvij
554 1709 578 1740 3.
597 1708 631 1751 vj
651 1705 683 1742 d.
730 1708 781 1742 Et
801 1710 970 1743 allocatur
987 1711 1097 1744 eidem
1116 1722 1178 1754 per
1195 1712 1409 1756 empcionem
1428 1714 1555 1759 viginti

271 1786 399 1830 septem
422 1798 618 1832 vangarum
641 1788 833 1823 ferreorum
856 1791 953 1825 vario
979 1793 1094 1835 precio
1116 1793 1178 1837 xiij
1207 1796 1232 1826 3.
1258 1794 1292 1838 vj
1311 1791 1344 1826 d.
1397 1794 1447 1828 Et
1473 1797 1556 1829 allo-

271 1873 370 1901 catur
404 1868 514 1901 eidem
549 1880 611 1912 per
645 1871 859 1913 empcionem
893 1873 1041 1917 triginta
1074 1872 1202 1917 septem
1236 1874 1328 1908 ferra
1359 1886 1553 1922 vangarum

270 1949 385 1992 precio
415 1950 571 1982 omnium
602 1951 675 1995 xvij
703 1953 728 1984 3.
760 1952 807 1996 vij
836 1950 868 1985 d.
921 1951 970 1986 Et
1003 1952 1059 1987 sex
1092 1954 1185 1988 ferra
1215 1966 1408 2001 vangarum
1438 1959 1554 2001 precio

269 2031 304 2074 iij
325 2032 350 2064 3.
369 2031 404 2075 vj
423 2028 456 2063 d.
509 2030 557 2064 Et
576 2032 744 2065 allocatur
763 2033 873 2066 eidem
896 2044 958 2077 per
980 2035 1194 2078 empcionem
1221 2038 1423 2083 octuaginta
1447 2041 1552 2073 unius

267 2111 439 2146 serrorum
458 2113 667 2147 tribulorum
686 2114 803 2157 precio
820 2115 918 2160 xxvij
938 2117 963 2149 3.
982 2116 1016 2161 vj
1036 2114 1068 2149 d.
1110 2115 1160 2151 Et
1178 2119 1358 2153 duodecim
1376 2120 1547 2156 serrorum
