<?xml version="1.0" encoding="UTF-8"?>
<!DOCTYPE html PUBLIC "-//W3C//DTD XHTML 1.0 Transitional//EN"
    "http://www.w3.org/TR/xhtml1/DTD/xhtml1-transitional.dtd">
<html xmlns="http://www.w3.org/1999/xhtml" xml:lang="en" lang="en">
 <head>
  <title>
</title>
<meta http-equiv="Content-Type" content="text/html;charset=utf-8" />
  <meta name='ocr-system' content='tesseract 3.04.00' />
  <meta name='ocr-capabilities' content='ocr_page ocr_carea ocr_par ocr_line ocrx_word'/>
</head>
<body>
  <div class='ocr_page' id='page_1' title='image "./vitaedunkeldensi00myln_0058.png"; bbox 0 0 1837 2698; ppageno 0'>
   <div class='ocr_carea' id='block_1_1' title="bbox 303 317 1404 352">
    <p class='ocr_par' dir='ltr' id='par_1_1' title="bbox 303 317 1404 352">
     <span class='ocr_line' id='line_1_1' title="bbox 303 317 1404 352; baseline 0.005 -5"><span class='ocrx_word' id='word_1_1' title='bbox 303 317 349 352; x_wconf 87' lang='lat'>36</span> <span class='ocrx_word' id='word_1_2' title='bbox 478 317 617 350; x_wconf 86' lang='lat' dir='ltr'>VITAE</span> <span class='ocrx_word' id='word_1_3' title='bbox 640 319 973 351; x_wconf 87' lang='lat' dir='ltr'>EPISCOPORUM</span> <span class='ocrx_word' id='word_1_4' title='bbox 994 320 1404 352; x_wconf 87' lang='lat' dir='ltr'><strong>DUNKELDENSIUM.</strong></span> 
     </span>
    </p>
   </div>
   <div class='ocr_carea' id='block_1_2' title="bbox 277 426 1575 2093">
    <p class='ocr_par' dir='ltr' id='par_1_2' title="bbox 277 426 1575 2093">
     <span class='ocr_line' id='line_1_2' title="bbox 298 426 1575 475; baseline 0.005 -16"><span class='ocrx_word' id='word_1_5' title='bbox 298 426 402 460; x_wconf 88' lang='lat' dir='ltr'>iidem</span> <span class='ocrx_word' id='word_1_6' title='bbox 420 426 443 460; x_wconf 90' lang='lat' dir='ltr'><strong>J</strong></span> <span class='ocrx_word' id='word_1_7' title='bbox 445 428 569 461; x_wconf 85' lang='lat' dir='ltr'>acobus</span> <span class='ocrx_word' id='word_1_8' title='bbox 588 433 621 462; x_wconf 91' lang='lat' dir='ltr'>et</span> <span class='ocrx_word' id='word_1_9' title='bbox 641 429 799 463; x_wconf 69' lang='lat' dir='ltr'>Andreas</span> <span class='ocrx_word' id='word_1_10' title='bbox 817 441 933 463; x_wconf 88' lang='lat' dir='ltr'>coram</span> <span class='ocrx_word' id='word_1_11' title='bbox 951 429 1078 464; x_wconf 86' lang='lat' dir='ltr'>eisdem</span> <span class='ocrx_word' id='word_1_12' title='bbox 1097 429 1292 465; x_wconf 82' lang='lat' dir='ltr'>consulibus</span> <span class='ocrx_word' id='word_1_13' title='bbox 1313 430 1575 475; x_wconf 86' lang='lat' dir='ltr'>proposuerunt,</span> 
     </span>
     <span class='ocr_line' id='line_1_3' title="bbox 297 507 1575 555; baseline 0.005 -15"><span class='ocrx_word' id='word_1_14' title='bbox 297 507 428 541; x_wconf 86' lang='lat' dir='ltr'>dictum</span> <span class='ocrx_word' id='word_1_15' title='bbox 447 508 645 543; x_wconf 86' lang='lat' dir='ltr'>Walterum</span> <span class='ocrx_word' id='word_1_16' title='bbox 669 509 818 544; x_wconf 80' lang='lat' dir='ltr'>Stewart</span> <span class='ocrx_word' id='word_1_17' title='bbox 842 510 1040 555; x_wconf 68' lang='lat' dir='ltr'>approbasse</span> <span class='ocrx_word' id='word_1_18' title='bbox 1058 516 1092 546; x_wconf 88' lang='lat' dir='ltr'>et</span> <span class='ocrx_word' id='word_1_19' title='bbox 1108 510 1286 546; x_wconf 73' lang='lat' dir='ltr'>ratificaffe</span> <span class='ocrx_word' id='word_1_20' title='bbox 1306 513 1421 546; x_wconf 82' lang='lat' dir='ltr'>omnia</span> <span class='ocrx_word' id='word_1_21' title='bbox 1439 513 1575 546; x_wconf 87' lang='lat' dir='ltr'>decreta</span> 
     </span>
     <span class='ocr_line' id='line_1_4' title="bbox 296 591 1573 638; baseline 0.003 -16"><span class='ocrx_word' id='word_1_22' title='bbox 296 594 416 623; x_wconf 87' lang='lat' dir='ltr'>contra</span> <span class='ocrx_word' id='word_1_23' title='bbox 433 601 523 629; x_wconf 88' lang='lat' dir='ltr'>eum,</span> <span class='ocrx_word' id='word_1_24' title='bbox 541 592 577 624; x_wconf 87' lang='lat' dir='ltr'>in</span> <span class='ocrx_word' id='word_1_25' title='bbox 595 591 749 625; x_wconf 83' lang='lat' dir='ltr'>favorem</span> <span class='ocrx_word' id='word_1_26' title='bbox 765 593 847 626; x_wconf 85' lang='lat' dir='ltr'>dicti</span> <span class='ocrx_word' id='word_1_27' title='bbox 860 592 883 625; x_wconf 88' lang='lat' dir='ltr'><strong>J</strong></span> <span class='ocrx_word' id='word_1_28' title='bbox 886 593 983 627; x_wconf 88' lang='lat' dir='ltr'>acobi</span> <span class='ocrx_word' id='word_1_29' title='bbox 997 595 1077 633; x_wconf 87' lang='lat' dir='ltr'>lata,</span> <span class='ocrx_word' id='word_1_30' title='bbox 1091 605 1224 628; x_wconf 86' lang='lat' dir='ltr'>necnon</span> <span class='ocrx_word' id='word_1_31' title='bbox 1238 594 1526 638; x_wconf 85' lang='lat' dir='ltr'>appretiationem</span> <span class='ocrx_word' id='word_1_32' title='bbox 1539 600 1573 626; x_wconf 87' lang='lat' dir='ltr'>et</span> 
     </span>
     <span class='ocr_line' id='line_1_5' title="bbox 295 670 1573 719; baseline 0.003 -16"><span class='ocrx_word' id='word_1_33' title='bbox 295 670 544 705; x_wconf 86' lang='lat' dir='ltr'>infeodationes</span> <span class='ocrx_word' id='word_1_34' title='bbox 563 673 819 715; x_wconf 85' lang='lat' dir='ltr'>praedictarum</span> <span class='ocrx_word' id='word_1_35' title='bbox 838 678 1010 707; x_wconf 86' lang='lat' dir='ltr'>terrarum</span> <span class='ocrx_word' id='word_1_36' title='bbox 1025 675 1103 708; x_wconf 88' lang='lat' dir='ltr'>inde</span> <span class='ocrx_word' id='word_1_37' title='bbox 1117 674 1247 708; x_wconf 84' lang='lat' dir='ltr'>secutas</span> <span class='ocrx_word' id='word_1_38' title='bbox 1263 685 1272 714; x_wconf 74' lang='grc' dir='ltr'><strong>ς</strong></span> <span class='ocrx_word' id='word_1_39' title='bbox 1296 672 1524 719; x_wconf 72' lang='lat' dir='ltr'>obligaffeque</span> <span class='ocrx_word' id='word_1_40' title='bbox 1541 673 1573 707; x_wconf 86' lang='lat' dir='ltr'>se</span> 
     </span>
     <span class='ocr_line' id='line_1_6' title="bbox 293 751 1574 799; baseline 0.002 -15"><span class='ocrx_word' id='word_1_41' title='bbox 293 755 327 784; x_wconf 86' lang='lat' dir='ltr'>et</span> <span class='ocrx_word' id='word_1_42' title='bbox 344 751 486 785; x_wconf 85' lang='lat' dir='ltr'>heredes</span> <span class='ocrx_word' id='word_1_43' title='bbox 505 751 583 786; x_wconf 88' lang='lat' dir='ltr'>suos</span> <span class='ocrx_word' id='word_1_44' title='bbox 602 754 638 786; x_wconf 90' lang='lat' dir='ltr'>in</span> <span class='ocrx_word' id='word_1_45' title='bbox 656 754 870 787; x_wconf 85' lang='lat' dir='ltr'>contrarium</span> <span class='ocrx_word' id='word_1_46' title='bbox 888 766 957 788; x_wconf 93' lang='lat' dir='ltr'>non</span> <span class='ocrx_word' id='word_1_47' title='bbox 975 756 1148 794; x_wconf 85' lang='lat' dir='ltr'>devenire,</span> <span class='ocrx_word' id='word_1_48' title='bbox 1166 754 1228 788; x_wconf 90' lang='lat' dir='ltr'>sub</span> <span class='ocrx_word' id='word_1_49' title='bbox 1245 767 1357 799; x_wconf 89' lang='lat' dir='ltr'>poena</span> <span class='ocrx_word' id='word_1_50' title='bbox 1374 755 1468 788; x_wconf 89' lang='lat' dir='ltr'>mille</span> <span class='ocrx_word' id='word_1_51' title='bbox 1484 766 1574 788; x_wconf 91' lang='lat' dir='ltr'>mer-</span> 
     </span>
     <span class='ocr_line' id='line_1_7' title="bbox 291 832 1572 879; baseline 0.003 -14"><span class='ocrx_word' id='word_1_52' title='bbox 291 843 410 865; x_wconf 86' lang='lat' dir='ltr'>carum</span> <span class='ocrx_word' id='word_1_53' title='bbox 425 842 433 865; x_wconf 87' lang='lat'>:</span> <span class='ocrx_word' id='word_1_54' title='bbox 458 832 587 877; x_wconf 91' lang='lat' dir='ltr'>Adque</span> <span class='ocrx_word' id='word_1_55' title='bbox 606 834 734 867; x_wconf 87' lang='lat' dir='ltr'>dictam</span> <span class='ocrx_word' id='word_1_56' title='bbox 752 833 849 868; x_wconf 82' lang='lat' dir='ltr'>suam</span> <span class='ocrx_word' id='word_1_57' title='bbox 867 836 1097 869; x_wconf 87' lang='lat' dir='ltr'>intentionem</span> <span class='ocrx_word' id='word_1_58' title='bbox 1115 836 1339 879; x_wconf 84' lang='lat' dir='ltr'>probandam,</span> <span class='ocrx_word' id='word_1_59' title='bbox 1358 837 1427 869; x_wconf 90' lang='lat' dir='ltr'>duo</span> <span class='ocrx_word' id='word_1_60' title='bbox 1445 834 1572 868; x_wconf 87' lang='lat' dir='ltr'>instru-</span> 
     </span>
     <span class='ocr_line' id='line_1_8' title="bbox 290 913 1571 961; baseline 0.003 -15"><span class='ocrx_word' id='word_1_61' title='bbox 290 918 409 947; x_wconf 91' lang='lat' dir='ltr'>menta</span> <span class='ocrx_word' id='word_1_62' title='bbox 431 915 609 957; x_wconf 82' lang='lat' dir='ltr'>produxit,</span> <span class='ocrx_word' id='word_1_63' title='bbox 634 913 738 960; x_wconf 81' lang='lat' dir='ltr'>signis</span> <span class='ocrx_word' id='word_1_64' title='bbox 757 921 790 949; x_wconf 94' lang='lat' dir='ltr'>et</span> <span class='ocrx_word' id='word_1_65' title='bbox 814 915 1120 960; x_wconf 88' lang='lat' dir='ltr'>subscriptionibus</span> <span class='ocrx_word' id='word_1_66' title='bbox 1138 916 1308 950; x_wconf 78' lang='lat' dir='ltr'>willelmi</span> <span class='ocrx_word' id='word_1_67' title='bbox 1327 917 1443 961; x_wconf 85' lang='lat' dir='ltr'>Barry</span> <span class='ocrx_word' id='word_1_68' title='bbox 1460 920 1494 949; x_wconf 87' lang='lat' dir='ltr'>et</span> <span class='ocrx_word' id='word_1_69' title='bbox 1511 915 1534 949; x_wconf 91' lang='lat' dir='ltr'><strong>J</strong></span> <span class='ocrx_word' id='word_1_70' title='bbox 1536 927 1571 950; x_wconf 95' lang='lat'>0-</span> 
     </span>
     <span class='ocr_line' id='line_1_9' title="bbox 289 994 1570 1042; baseline 0.003 -15"><span class='ocrx_word' id='word_1_71' title='bbox 289 994 415 1028; x_wconf 87' lang='lat' dir='ltr'>hannis</span> <span class='ocrx_word' id='word_1_72' title='bbox 434 995 609 1041; x_wconf 73' lang='lat' dir='ltr'>Kowgask</span> <span class='ocrx_word' id='word_1_73' title='bbox 627 995 816 1040; x_wconf 89' lang='lat' dir='ltr'>subscripta</span> <span class='ocrx_word' id='word_1_74' title='bbox 833 1002 868 1030; x_wconf 89' lang='lat' dir='ltr'>et</span> <span class='ocrx_word' id='word_1_75' title='bbox 888 995 1041 1042; x_wconf 81' lang='lat' dir='ltr'>signata3</span> <span class='ocrx_word' id='word_1_76' title='bbox 1067 1009 1156 1042; x_wconf 88' lang='lat' dir='ltr'>quae</span> <span class='ocrx_word' id='word_1_77' title='bbox 1173 998 1402 1041; x_wconf 85' lang='lat' dir='ltr'>improbanda</span> <span class='ocrx_word' id='word_1_78' title='bbox 1420 998 1570 1031; x_wconf 87' lang='lat' dir='ltr'>civiliter</span> 
     </span>
     <span class='ocr_line' id='line_1_10' title="bbox 288 1074 1568 1123; baseline 0.003 -15"><span class='ocrx_word' id='word_1_79' title='bbox 288 1074 455 1120; x_wconf 87' lang='lat' dir='ltr'>Magister</span> <span class='ocrx_word' id='word_1_80' title='bbox 472 1076 495 1108; x_wconf 83' lang='lat' dir='ltr'><strong>J</strong></span> <span class='ocrx_word' id='word_1_81' title='bbox 498 1078 622 1110; x_wconf 86' lang='lat' dir='ltr'>acobus</span> <span class='ocrx_word' id='word_1_82' title='bbox 643 1077 883 1117; x_wconf 87' lang='lat' dir='ltr'>Hendersoun,</span> <span class='ocrx_word' id='word_1_83' title='bbox 903 1078 1010 1123; x_wconf 80' lang='lat' dir='ltr'>Regis</span> <span class='ocrx_word' id='word_1_84' title='bbox 1025 1083 1058 1111; x_wconf 90' lang='lat' dir='ltr'>et</span> <span class='ocrx_word' id='word_1_85' title='bbox 1072 1079 1154 1112; x_wconf 90' lang='lat' dir='ltr'>dicti</span> <span class='ocrx_word' id='word_1_86' title='bbox 1168 1078 1191 1111; x_wconf 89' lang='lat' dir='ltr'>J</span> <span class='ocrx_word' id='word_1_87' title='bbox 1193 1079 1340 1112; x_wconf 84' lang='lat' dir='ltr'>ohannis</span> <span class='ocrx_word' id='word_1_88' title='bbox 1354 1078 1568 1117; x_wconf 86' lang='lat' dir='ltr'>Advocatus‚</span> 
     </span>
     <span class='ocr_line' id='line_1_11' title="bbox 289 1155 1568 1203; baseline 0.002 -14"><span class='ocrx_word' id='word_1_89' title='bbox 289 1155 320 1189; x_wconf 83' lang='lat' dir='ltr'>se</span> <span class='ocrx_word' id='word_1_90' title='bbox 339 1157 465 1190; x_wconf 87' lang='lat' dir='ltr'>obtulit</span> <span class='ocrx_word' id='word_1_91' title='bbox 481 1168 489 1196; x_wconf 88' lang='lat'>;</span> <span class='ocrx_word' id='word_1_92' title='bbox 518 1162 552 1191; x_wconf 89' lang='lat' dir='ltr'>et</span> <span class='ocrx_word' id='word_1_93' title='bbox 569 1170 587 1191; x_wconf 92' lang='lat' dir='ltr'>e</span> <span class='ocrx_word' id='word_1_94' title='bbox 605 1160 778 1192; x_wconf 86' lang='lat' dir='ltr'>contrario</span> <span class='ocrx_word' id='word_1_95' title='bbox 801 1160 844 1192; x_wconf 89' lang='lat' dir='ltr'>ad</span> <span class='ocrx_word' id='word_1_96' title='bbox 868 1158 1141 1203; x_wconf 85' lang='lat' dir='ltr'>recognoscenda</span> <span class='ocrx_word' id='word_1_97' title='bbox 1158 1164 1192 1192; x_wconf 89' lang='lat' dir='ltr'>et</span> <span class='ocrx_word' id='word_1_98' title='bbox 1212 1159 1421 1192; x_wconf 83' lang='lat' dir='ltr'>verificanda</span> <span class='ocrx_word' id='word_1_99' title='bbox 1437 1159 1497 1193; x_wconf 89' lang='lat' dir='ltr'>illa</span> <span class='ocrx_word' id='word_1_100' title='bbox 1514 1171 1568 1193; x_wconf 89' lang='lat' dir='ltr'>ea-</span> 
     </span>
     <span class='ocr_line' id='line_1_12' title="bbox 287 1237 1568 1284; baseline 0.002 -14"><span class='ocrx_word' id='word_1_101' title='bbox 287 1238 376 1276; x_wconf 86' lang='lat' dir='ltr'>dem,</span> <span class='ocrx_word' id='word_1_102' title='bbox 400 1238 482 1271; x_wconf 84' lang='lat' dir='ltr'>dicti</span> <span class='ocrx_word' id='word_1_103' title='bbox 501 1238 523 1270; x_wconf 86' lang='lat' dir='ltr'><strong>J</strong></span> <span class='ocrx_word' id='word_1_104' title='bbox 526 1239 652 1272; x_wconf 86' lang='lat' dir='ltr'>acobus</span> <span class='ocrx_word' id='word_1_105' title='bbox 671 1243 705 1272; x_wconf 92' lang='lat' dir='ltr'>et</span> <span class='ocrx_word' id='word_1_106' title='bbox 722 1239 883 1273; x_wconf 81' lang='lat' dir='ltr'>Andreas</span> <span class='ocrx_word' id='word_1_107' title='bbox 902 1240 1090 1272; x_wconf 91' lang='lat' dir='ltr'>terminum</span> <span class='ocrx_word' id='word_1_108' title='bbox 1109 1240 1156 1272; x_wconf 86' lang='lat' dir='ltr'>eis</span> <span class='ocrx_word' id='word_1_109' title='bbox 1175 1239 1319 1284; x_wconf 84' lang='lat' dir='ltr'>praefigi</span> <span class='ocrx_word' id='word_1_110' title='bbox 1336 1237 1568 1283; x_wconf 71' lang='lat' dir='ltr'>postularunt.</span> 
     </span>
     <span class='ocr_line' id='line_1_13' title="bbox 287 1317 1566 1364; baseline 0.002 -13"><span class='ocrx_word' id='word_1_111' title='bbox 287 1318 387 1351; x_wconf 89' lang='lat' dir='ltr'>Tunc</span> <span class='ocrx_word' id='word_1_112' title='bbox 404 1317 557 1353; x_wconf 84' lang='lat' dir='ltr'>consules</span> <span class='ocrx_word' id='word_1_113' title='bbox 576 1321 743 1364; x_wconf 87' lang='lat' dir='ltr'>praedicti</span> <span class='ocrx_word' id='word_1_114' title='bbox 762 1326 893 1354; x_wconf 87' lang='lat' dir='ltr'>certum</span> <span class='ocrx_word' id='word_1_115' title='bbox 915 1321 1189 1364; x_wconf 88' lang='lat' dir='ltr'>peremptorium</span> <span class='ocrx_word' id='word_1_116' title='bbox 1213 1321 1402 1354; x_wconf 89' lang='lat' dir='ltr'>terminum</span> <span class='ocrx_word' id='word_1_117' title='bbox 1425 1321 1566 1364; x_wconf 90' lang='lat' dir='ltr'>utrique</span> 
     </span>
     <span class='ocr_line' id='line_1_14' title="bbox 284 1398 1566 1448; baseline 0.002 -16"><span class='ocrx_word' id='word_1_118' title='bbox 284 1398 448 1442; x_wconf 88' lang='lat' dir='ltr'>partium,</span> <span class='ocrx_word' id='word_1_119' title='bbox 467 1401 511 1432; x_wconf 86' lang='lat' dir='ltr'>ad</span> <span class='ocrx_word' id='word_1_120' title='bbox 530 1399 718 1444; x_wconf 82' lang='lat' dir='ltr'>respective</span> <span class='ocrx_word' id='word_1_121' title='bbox 737 1400 967 1436; x_wconf 81' lang='lat' dir='ltr'>instrumenta</span> <span class='ocrx_word' id='word_1_122' title='bbox 984 1402 1164 1445; x_wconf 88' lang='lat' dir='ltr'>probanda</span> <span class='ocrx_word' id='word_1_123' title='bbox 1177 1406 1210 1435; x_wconf 92' lang='lat' dir='ltr'>et</span> <span class='ocrx_word' id='word_1_124' title='bbox 1224 1402 1453 1445; x_wconf 87' lang='lat' dir='ltr'>improbanda</span> <span class='ocrx_word' id='word_1_125' title='bbox 1467 1399 1566 1448; x_wconf 82' lang='lat' dir='ltr'>affig-</span> 
     </span>
     <span class='ocr_line' id='line_1_15' title="bbox 283 1480 1561 1526; baseline 0.002 -13"><span class='ocrx_word' id='word_1_126' title='bbox 283 1480 437 1520; x_wconf 74' lang='lat' dir='ltr'>narunt3</span> <span class='ocrx_word' id='word_1_127' title='bbox 465 1485 499 1514; x_wconf 83' lang='lat' dir='ltr'>et</span> <span class='ocrx_word' id='word_1_128' title='bbox 526 1482 607 1514; x_wconf 90' lang='lat' dir='ltr'>dum</span> <span class='ocrx_word' id='word_1_129' title='bbox 633 1486 775 1515; x_wconf 91' lang='lat' dir='ltr'>ventum</span> <span class='ocrx_word' id='word_1_130' title='bbox 800 1481 849 1516; x_wconf 88' lang='lat' dir='ltr'>est</span> <span class='ocrx_word' id='word_1_131' title='bbox 872 1484 916 1516; x_wconf 85' lang='lat' dir='ltr'>ad</span> <span class='ocrx_word' id='word_1_132' title='bbox 939 1481 1078 1516; x_wconf 89' lang='lat' dir='ltr'>testium</span> <span class='ocrx_word' id='word_1_133' title='bbox 1102 1483 1139 1516; x_wconf 88' lang='lat' dir='ltr'>in</span> <span class='ocrx_word' id='word_1_134' title='bbox 1163 1481 1263 1516; x_wconf 85' lang='lat' dir='ltr'>causa</span> <span class='ocrx_word' id='word_1_135' title='bbox 1287 1483 1561 1526; x_wconf 87' lang='lat' dir='ltr'>productionem,</span> 
     </span>
     <span class='ocr_line' id='line_1_16' title="bbox 283 1559 1560 1606; baseline 0.002 -13"><span class='ocrx_word' id='word_1_136' title='bbox 283 1561 433 1594; x_wconf 85' lang='lat' dir='ltr'>relatum</span> <span class='ocrx_word' id='word_1_137' title='bbox 459 1559 518 1600; x_wconf 90' lang='lat' dir='ltr'>est,</span> <span class='ocrx_word' id='word_1_138' title='bbox 545 1560 855 1596; x_wconf 89' lang='lat' dir='ltr'>instrumentorum</span> <span class='ocrx_word' id='word_1_139' title='bbox 883 1564 998 1596; x_wconf 86' lang='lat' dir='ltr'>datam</span> <span class='ocrx_word' id='word_1_140' title='bbox 1023 1561 1099 1606; x_wconf 84' lang='lat' dir='ltr'>post</span> <span class='ocrx_word' id='word_1_141' title='bbox 1119 1568 1267 1596; x_wconf 86' lang='lat' dir='ltr'>mortem</span> <span class='ocrx_word' id='word_1_142' title='bbox 1284 1563 1368 1596; x_wconf 85' lang='lat' dir='ltr'>dicti</span> <span class='ocrx_word' id='word_1_143' title='bbox 1386 1564 1560 1606; x_wconf 89' lang='lat' dir='ltr'>quondam</span> 
     </span>
     <span class='ocr_line' id='line_1_17' title="bbox 281 1640 1561 1688; baseline 0.002 -14"><span class='ocrx_word' id='word_1_144' title='bbox 281 1641 431 1675; x_wconf 89' lang='lat' dir='ltr'>Walteri</span> <span class='ocrx_word' id='word_1_145' title='bbox 458 1640 566 1675; x_wconf 78' lang='lat' dir='ltr'>fuisse.</span> <span class='ocrx_word' id='word_1_146' title='bbox 628 1643 744 1688; x_wconf 81' lang='lat' dir='ltr'>Magis</span> <span class='ocrx_word' id='word_1_147' title='bbox 776 1644 937 1677; x_wconf 86' lang='lat' dir='ltr'>timentes</span> <span class='ocrx_word' id='word_1_148' title='bbox 963 1644 1067 1676; x_wconf 88' lang='lat' dir='ltr'>iidem</span> <span class='ocrx_word' id='word_1_149' title='bbox 1093 1643 1244 1676; x_wconf 86' lang='lat' dir='ltr'>Jacobus</span> <span class='ocrx_word' id='word_1_150' title='bbox 1271 1648 1305 1676; x_wconf 88' lang='lat' dir='ltr'>et</span> <span class='ocrx_word' id='word_1_151' title='bbox 1330 1643 1501 1683; x_wconf 81' lang='lat' dir='ltr'>Andreas,</span> <span class='ocrx_word' id='word_1_152' title='bbox 1527 1650 1561 1677; x_wconf 91' lang='lat' dir='ltr'>et</span> 
     </span>
     <span class='ocr_line' id='line_1_18' title="bbox 281 1721 1560 1768; baseline 0.002 -12"><span class='ocrx_word' id='word_1_153' title='bbox 281 1723 322 1755; x_wconf 86' lang='lat' dir='ltr'>de</span> <span class='ocrx_word' id='word_1_154' title='bbox 340 1721 441 1756; x_wconf 86' lang='lat' dir='ltr'>causa</span> <span class='ocrx_word' id='word_1_155' title='bbox 459 1721 688 1766; x_wconf 80' lang='lat' dir='ltr'>desperantes,</span> <span class='ocrx_word' id='word_1_156' title='bbox 713 1725 886 1757; x_wconf 85' lang='lat' dir='ltr'>voluntati</span> <span class='ocrx_word' id='word_1_157' title='bbox 910 1724 993 1757; x_wconf 87' lang='lat' dir='ltr'>dicti</span> <span class='ocrx_word' id='word_1_158' title='bbox 1017 1724 1200 1768; x_wconf 84' lang='lat' dir='ltr'>pontificis,</span> <span class='ocrx_word' id='word_1_159' title='bbox 1224 1735 1375 1757; x_wconf 85' lang='lat' dir='ltr'>unacum</span> <span class='ocrx_word' id='word_1_160' title='bbox 1399 1723 1560 1758; x_wconf 86' lang='lat' dir='ltr'>Johanne</span> 
     </span>
     <span class='ocr_line' id='line_1_19' title="bbox 280 1803 1558 1850; baseline 0.002 -13"><span class='ocrx_word' id='word_1_161' title='bbox 280 1804 414 1848; x_wconf 82' lang='lat' dir='ltr'>Retray</span> <span class='ocrx_word' id='word_1_162' title='bbox 427 1805 469 1837; x_wconf 92' lang='lat' dir='ltr'>de</span> <span class='ocrx_word' id='word_1_163' title='bbox 488 1805 607 1837; x_wconf 87' lang='lat' dir='ltr'>eodem</span> <span class='ocrx_word' id='word_1_164' title='bbox 625 1805 747 1844; x_wconf 88' lang='lat' dir='ltr'>milite,</span> <span class='ocrx_word' id='word_1_165' title='bbox 765 1810 799 1838; x_wconf 88' lang='lat' dir='ltr'>et</span> <span class='ocrx_word' id='word_1_166' title='bbox 813 1804 963 1850; x_wconf 88' lang='lat' dir='ltr'>Georgio</span> <span class='ocrx_word' id='word_1_167' title='bbox 978 1805 1120 1844; x_wconf 85' lang='lat' dir='ltr'>Brown,</span> <span class='ocrx_word' id='word_1_168' title='bbox 1134 1803 1387 1838; x_wconf 82' lang='lat' dir='ltr'>Duukeldenfis</span> <span class='ocrx_word' id='word_1_169' title='bbox 1402 1803 1558 1839; x_wconf 87' lang='lat' dir='ltr'>ecclefiae</span> 
     </span>
     <span class='ocr_line' id='line_1_20' title="bbox 279 1884 1558 1929; baseline 0.002 -12"><span class='ocrx_word' id='word_1_170' title='bbox 279 1885 492 1924; x_wconf 87' lang='lat' dir='ltr'>cancellario,</span> <span class='ocrx_word' id='word_1_171' title='bbox 507 1889 673 1929; x_wconf 83' lang='lat' dir='ltr'>tanquam</span> <span class='ocrx_word' id='word_1_172' title='bbox 688 1886 797 1918; x_wconf 90' lang='lat' dir='ltr'>eidem</span> <span class='ocrx_word' id='word_1_173' title='bbox 812 1884 1033 1924; x_wconf 69' lang='lat' dir='ltr'>assessoribus,</span> <span class='ocrx_word' id='word_1_174' title='bbox 1047 1884 1079 1918; x_wconf 84' lang='lat' dir='ltr'>se</span> <span class='ocrx_word' id='word_1_175' title='bbox 1094 1884 1333 1919; x_wconf 87' lang='lat' dir='ltr'>submiserunt.</span> <span class='ocrx_word' id='word_1_176' title='bbox 1370 1885 1426 1919; x_wconf 87' lang='lat' dir='ltr'>Sic</span> <span class='ocrx_word' id='word_1_177' title='bbox 1440 1884 1558 1920; x_wconf 79' lang='lat' dir='ltr'>omissa</span> 
     </span>
     <span class='ocr_line' id='line_1_21' title="bbox 277 1961 1554 2012; baseline 0.002 -15"><span class='ocrx_word' id='word_1_178' title='bbox 277 1965 336 1998; x_wconf 90' lang='lat' dir='ltr'>lite</span> <span class='ocrx_word' id='word_1_179' title='bbox 354 1966 390 1998; x_wconf 90' lang='lat' dir='ltr'>in</span> <span class='ocrx_word' id='word_1_180' title='bbox 409 1967 505 2000; x_wconf 87' lang='lat' dir='ltr'>curia</span> <span class='ocrx_word' id='word_1_181' title='bbox 523 1967 629 2011; x_wconf 85' lang='lat' dir='ltr'>regia,</span> <span class='ocrx_word' id='word_1_182' title='bbox 656 1967 873 2010; x_wconf 86' lang='lat' dir='ltr'>aliquamdiu</span> <span class='ocrx_word' id='word_1_183' title='bbox 895 1968 1073 2012; x_wconf 83' lang='lat' dir='ltr'>litigatum</span> <span class='ocrx_word' id='word_1_184' title='bbox 1091 1965 1140 2000; x_wconf 88' lang='lat' dir='ltr'>est</span> <span class='ocrx_word' id='word_1_185' title='bbox 1157 1961 1275 2000; x_wconf 84' lang='lat' dir='ltr'>coram</span> <span class='ocrx_word' id='word_1_186' title='bbox 1290 1967 1383 2001; x_wconf 87' lang='lat' dir='ltr'>dieto</span> <span class='ocrx_word' id='word_1_187' title='bbox 1401 1966 1554 2000; x_wconf 84' lang='lat' dir='ltr'>antistite</span> 
     </span>
     <span class='ocr_line' id='line_1_22' title="bbox 277 2046 1553 2093; baseline 0.002 -13"><span class='ocrx_word' id='word_1_188' title='bbox 277 2046 426 2092; x_wconf 89' lang='lat' dir='ltr'>Georgio</span> <span class='ocrx_word' id='word_1_189' title='bbox 443 2053 478 2081; x_wconf 88' lang='lat' dir='ltr'>et</span> <span class='ocrx_word' id='word_1_190' title='bbox 499 2048 567 2082; x_wconf 86' lang='lat' dir='ltr'>suis</span> <span class='ocrx_word' id='word_1_191' title='bbox 590 2046 826 2089; x_wconf 68' lang='lat' dir='ltr'>afl&#39;efl&#39;oribus3</span> <span class='ocrx_word' id='word_1_192' title='bbox 853 2054 1072 2093; x_wconf 87' lang='lat' dir='ltr'>comparente</span> <span class='ocrx_word' id='word_1_193' title='bbox 1098 2050 1190 2082; x_wconf 87' lang='lat' dir='ltr'>dicto</span> <span class='ocrx_word' id='word_1_194' title='bbox 1217 2048 1377 2083; x_wconf 88' lang='lat' dir='ltr'>Johanne</span> <span class='ocrx_word' id='word_1_195' title='bbox 1403 2048 1553 2083; x_wconf 87' lang='lat' dir='ltr'>Stewart</span> 
     </span>
    </p>
   </div>
   <div class='ocr_carea' id='block_1_3' title="bbox 272 2128 1552 2176">
    <p class='ocr_par' dir='ltr' id='par_1_3' title="bbox 272 2128 1552 2176">
     <span class='ocr_line' id='line_1_23' title="bbox 272 2128 1552 2176; baseline 0.001 -13"><span class='ocrx_word' id='word_1_196' title='bbox 272 2140 334 2172; x_wconf 85' lang='lat' dir='ltr'>per</span> <span class='ocrx_word' id='word_1_197' title='bbox 351 2128 394 2169; x_wconf 89' lang='lat' dir='ltr'>se,</span> <span class='ocrx_word' id='word_1_198' title='bbox 414 2134 447 2163; x_wconf 90' lang='lat' dir='ltr'>et</span> <span class='ocrx_word' id='word_1_199' title='bbox 464 2135 724 2174; x_wconf 84' lang='lat' dir='ltr'>procuratorem</span> <span class='ocrx_word' id='word_1_200' title='bbox 741 2129 841 2164; x_wconf 87' lang='lat' dir='ltr'>suum</span> <span class='ocrx_word' id='word_1_201' title='bbox 854 2130 1033 2164; x_wconf 73' lang='lat' dir='ltr'>Audi-eam</span> <span class='ocrx_word' id='word_1_202' title='bbox 1053 2131 1232 2165; x_wconf 88' lang='lat' dir='ltr'>dominum</span> <span class='ocrx_word' id='word_1_203' title='bbox 1252 2130 1358 2175; x_wconf 88' lang='lat' dir='ltr'>Gray,</span> <span class='ocrx_word' id='word_1_204' title='bbox 1375 2129 1438 2164; x_wconf 86' lang='lat' dir='ltr'>sub</span> <span class='ocrx_word' id='word_1_205' title='bbox 1451 2131 1552 2176; x_wconf 84' lang='lat' dir='ltr'>cujus</span> 
     </span>
    </p>
   </div>
  </div>
 </body>
</html>
