1837 2698
642 318 805 350 PONTIS
825 317 1186 349 DUNKELDENSIS.
1487 320 1504 350 1
1511 321 1527 350 1
1534 320 1554 351 3

274 428 315 460 de
334 425 456 460 nostris
477 428 511 471 xj
532 430 556 460 3.
576 428 621 471 vij
641 425 674 460 d.
717 427 766 460 Et
783 428 950 460 allocatur
970 427 1079 460 eidem
1104 437 1165 469 per
1187 425 1400 467 empcionem
1419 428 1453 456 et
1470 424 1551 456 duc-

275 509 404 541 tionem
425 509 466 541 de
483 509 683 553 octuaginta
700 520 769 541 uno
787 509 939 552 lapidum
959 508 1146 541 muralium
1161 503 1351 548 liesscalgie
1370 505 1415 549 vij
1436 508 1460 536 3.
1479 504 1502 548 ij
1519 502 1551 536 d.

276 588 326 621 Et
352 589 461 621 eidem
490 600 551 632 per
578 590 788 632 empcionem
817 589 935 632 pabuli
965 589 1007 622 ad
1039 588 1185 621 verudos
1212 588 1247 619 in
1274 586 1443 629 principio
1470 585 1550 618 anni

276 675 333 702 *tc*
349 671 382 702 ve
396 670 456 714 xiij
478 668 541 701 xx'j
556 673 580 702 Ξ.
600 671 659 714 viij
679 668 710 702 d.
758 670 807 703 Et
824 671 932 702 eidem
951 681 1012 713 per
1029 670 1230 712 empcionen
1248 669 1289 701 de
1307 668 1486 701 duodecim
1505 666 1551 700 lie

262 748 462 792 ι[ι’-ΙιαίΙι-ἱίῖῐε
480 750 527 793 xij
547 748 580 782 d.
628 750 678 782 Et
695 751 861 783 allocatur
880 750 988 782 eidem
1008 761 1069 793 per
1087 749 1329 782 liberacionem
1346 748 1473 781 factam
1491 748 1514 779 J
1516 759 1551 780 o-

274 830 381 863 hanni
401 830 546 862 Stewart
563 831 623 862 uni
642 830 845 862 veredorum
865 830 994 872 capien.
1018 840 1079 872 per
1096 840 1226 861 annum
1250 829 1404 861 modium
1422 828 1550 860 ferrine

274 911 310 942 in
327 908 517 953 septimana
535 914 568 942 et
585 910 817 953 quadraginta
838 908 962 943 solidos
989 910 1131 953 pecunie
1150 909 1185 941 in
1204 909 1331 941 bonum
1352 912 1548 951 compotum

273 990 363 1022 feodi
377 1001 438 1033 per
452 995 587 1033 tempus
602 991 750 1033 compoti
766 991 849 1034 xxxj
868 993 893 1023 ἔ.
932 990 981 1023 Et
995 991 1163 1023 allocatur
1176 991 1285 1023 eidem
1301 1001 1361 1032 per
1375 990 1550 1022 liberacio-

273 1081 351 1102 nem
374 1069 500 1103 factam
526 1069 679 1103 Johanni
704 1070 777 1103 Fod
803 1071 901 1103 alteri
926 1072 1130 1104 veredorum
1156 1081 1217 1113 per
1240 1074 1377 1113 tempus
1401 1070 1549 1112 compoti

272 1148 361 1182 XXXtj
379 1153 405 1182 ἒ.
456 1150 504 1183 Et
528 1152 695 1183 allocatur
718 1151 828 1183 eidem
851 1162 912 1194 per
935 1148 1162 1183 remissionem
1186 1150 1312 1183 factam
1334 1161 1395 1193 per
1413 1160 1550 1193 compo-

272 1235 403 1263 tantem
421 1231 457 1263 in
475 1230 629 1263 favorem
647 1230 762 1263 Dauid
781 1231 987 1274 Scrymgeor
1004 1231 1045 1263 de
1064 1230 1192 1263 Ferdill
1211 1231 1252 1262 de
1266 1229 1390 1262 debitis
1408 1240 1470 1272 per
1484 1229 1550 1261 Pa-

272 1310 410 1342 tricium
432 1310 512 1353 Hay
530 1311 571 1343 de
590 1309 766 1354 Eschindy
783 1316 824 1343 ut
846 1314 942 1354 patet
963 1322 1025 1354 per
1042 1311 1271 1354 quittanciam
1288 1309 1432 1342 Domini
1457 1310 1548 1342 dicto

272 1390 423 1424 Domino
446 1392 488 1423 de
512 1390 644 1423 Fardill
665 1391 792 1424 factam
810 1390 975 1424 ostensam
995 1390 1095 1434 super
1113 1395 1310 1433 compotum
1333 1390 1394 1434 xiij
1415 1390 1449 1422 li.
1469 1389 1502 1432 vj
1523 1391 1547 1421 3.

273 1472 333 1516 viij
353 1469 386 1504 d.
436 1471 486 1504 Et
504 1472 671 1504 allocatur
688 1472 900 1515 compotanti
918 1472 960 1504 de
977 1468 1241 1514 superexpofitis
1260 1472 1295 1503 in
1314 1471 1438 1503 ultimo
1456 1480 1547 1503 com-

270 1557 352 1594 poto
365 1551 465 1585 officii
479 1550 529 1584 sui
544 1552 728 1584 decanatus
743 1552 779 1584 ix
792 1554 816 1584 ἔ.
859 1551 908 1585 Et
922 1553 1090 1585 allocatur
1105 1552 1214 1584 eidem
1229 1563 1290 1595 per
1302 1551 1545 1584 liberacionem

270 1631 397 1664 factam
415 1631 566 1665 Domino
583 1643 644 1675 per
661 1636 914 1675 computantem
933 1636 973 1664 ut
990 1636 1086 1675 patet
1102 1642 1164 1675 per
1181 1630 1386 1675 scripturam
1402 1631 1544 1664 Domini

269 1712 343 1755 ejus
361 1723 468 1744 manu
481 1711 703 1755 subscriptam
720 1710 886 1745 ostensam
900 1711 1000 1756 super
1013 1716 1211 1755 compotum
1225 1712 1287 1756 xlij
1308 1714 1332 1744 3.
1384 1710 1431 1744 Et
1445 1710 1543 1744 solut.

271 1788 371 1833 super
388 1790 522 1834 presens
541 1795 739 1834 compotum
757 1802 818 1835 per
835 1795 1090 1834 compotantem
1108 1770 1182 1835 xiiij
1199 1794 1223 1823 3.
1242 1791 1275 1835 vj
1296 1788 1328 1823 d.

1387 1848 1410 1860 01·

513 1950 636 1982 obulus
654 1948 703 1982 Et
722 1947 765 1982 fic
782 1960 867 1993 eque
885 1960 961 1982 cum
981 1954 1208 1993 compotante.
