1837 2698
313 311 359 342 38
492 307 631 339 VITAE
655 307 986 340 EPISCOPORUM
1007 307 1415 340 DUNKELDENSIUM.

312 416 454 457 factum,
472 418 563 451 idem
581 418 737 462 pontifex
755 419 849 452 dedit
867 419 978 452 eidem
995 423 1106 452 terras
1123 419 1164 452 de
1181 417 1362 464 Arntully,
1385 429 1471 463 quas
1488 427 1590 462 repu-

313 499 403 532 tavit
420 510 482 543 per
496 510 573 532 eum
589 498 790 543 conquestas
809 500 892 543 quia
908 510 972 543 pro
984 500 1221 544 redemptione
1233 500 1305 534 litis
1318 500 1457 534 habitae
1471 504 1590 534 contra

312 590 391 613 eum
409 584 444 613 et
461 578 632 614 ecclesiam
648 580 741 614 suam
762 592 823 624 per
838 580 982 626 Regem,
996 579 1097 625 super
1110 581 1211 614 terris
1224 581 1293 614 illis
1307 582 1348 614 de
1361 581 1542 625 Arntully,
1556 586 1590 614 et

311 660 514 706 Mukkersy‚
533 663 628 696 dedit
646 662 736 707 Regi
754 662 888 696 fructus
907 660 1124 696 ecclesiarum
1142 663 1183 695 de
1200 661 1398 706 Aberlathy
1420 667 1454 695 et
1472 662 1590 696 Craw-

310 744 418 777 mund
445 755 509 787 pro
535 744 708 784 trienni03
736 744 898 788 quamvis
923 744 1067 788 placatis
1095 744 1265 788 partibus,
1295 748 1405 777 terras
1433 742 1522 787 ipsas
1548 744 1589 776 de

310 825 435 868 k'lony,
457 825 640 870 Concragy
659 829 693 858 et
711 825 883 869 Cardynis
901 826 938 858 in
956 824 1116 858 manibus
1135 825 1242 870 Regis
1263 822 1464 869 resignatas,
1488 825 1589 858 aliter

309 917 379 939 non
397 910 531 949 poterat
550 906 677 939 habere
695 905 774 940 suae
792 906 927 940 mensae
949 911 983 940 et
1007 907 1170 940 baroniae
1193 917 1347 939 annexas
1365 911 1399 939 et
1425 906 1590 939 admorti-

309 993 417 1027 zatas,
435 985 498 1021 nifi
516 989 617 1027 datis,
635 989 730 1021 ultra
746 986 928 1032 praemissa
945 993 979 1021 et
996 986 1160 1032 expensas
1178 988 1260 1026 litis,
1275 988 1437 1021 trecentis
1455 987 1588 1020 mercis.

306 1068 368 1108 Et,
396 1074 436 1102 ut
463 1069 548 1102 bene
574 1070 668 1108 novi,
696 1067 901 1113 conquestus
931 1070 1071 1102 illarum
1098 1073 1271 1102 terrarum
1297 1080 1367 1102 non
1396 1068 1589 1102 habebatur

307 1150 422 1183 minus
440 1151 535 1183 mille
557 1150 655 1183 libris
672 1160 680 1189 ;
708 1161 795 1193 quas
814 1148 977 1193 expensas
995 1150 1087 1183 idem
1110 1149 1268 1193 pontifex
1290 1150 1433 1182 minime
1450 1147 1587 1188 fecisset,

306 1229 368 1264 nifi
395 1236 537 1275 propter
554 1231 795 1264 liberationem
814 1230 954 1264 suarum
973 1235 1007 1264 et
1027 1230 1241 1264 subditorum
1260 1236 1433 1264 terrarum
1459 1229 1588 1265 ecclesi-

304 1310 489 1345 asticarum
506 1325 515 1353 3
544 1317 619 1345 tum
638 1313 721 1356 quia
739 1317 893 1356 tempore
913 1312 1068 1345 Thomae
1087 1312 1237 1345 Lawder
1254 1309 1514 1356 praedecessoris
1524 1310 1586 1350 sui,

303 1394 490 1427 latrunculi
519 1392 668 1437 impofiti
699 1395 735 1427 in
762 1394 840 1427 lacu
869 1399 903 1427 et
930 1393 1101 1427 fortalicio
1130 1394 1172 1427 de
1198 1393 1311 1437 Clony
1336 1404 1405 1426 non
1432 1390 1586 1427 finebant

307 1476 471 1509 victualia
501 1474 656 1509 ecelesiae
683 1477 724 1509 de
750 1476 872 1510 Alithe
897 1477 1079 1519 importari
1105 1476 1148 1508 ad
1174 1475 1394 1514 Dunkelden,
1414 1486 1532 1519 ymmo
1550 1476 1585 1508 vi

306 1557 511 1600 rapiebant3
539 1562 613 1589 tum
633 1557 716 1600 quia
738 1562 854 1590 amoto
878 1557 1036 1600 proximo
1059 1556 1193 1595 nocivo,
1216 1555 1379 1599 pascuum
1404 1566 1585 1589 commune

306 1639 340 1670 in
369 1637 580 1680 praesentem
607 1639 697 1670 diem
725 1649 794 1671 non
820 1642 968 1682 negatur
989 1636 1187 1670 tenentibus
1206 1636 1409 1670 Cancellarii
1428 1643 1461 1670 et
1487 1648 1585 1680 prae—

304 1719 459 1752 bendarii
477 1719 518 1751 de
537 1718 667 1752 Ruffill.
719 1717 769 1752 Et
787 1730 863 1752 eum
883 1719 1038 1762 equitare
1055 1717 1184 1751 solebat
1206 1718 1298 1751 inter
1322 1718 1531 1751 Dunkelden
1550 1724 1583 1751 et

303 1799 425 1844 Clony,
445 1798 673 1833 consideravit
698 1811 760 1842 per
785 1804 894 1832 totam
913 1800 1005 1832 viam
1024 1800 1116 1832 illam
1137 1810 1206 1843 qua
1226 1799 1300 1832 itur
1324 1810 1386 1842 per
1412 1798 1582 1832 Stentoun

301 1886 334 1913 et
365 1880 511 1924 Capeth,
542 1892 659 1913 omnes
691 1885 775 1913 tunc
805 1885 915 1914 terras
942 1881 1115 1924 pertinere
1145 1877 1301 1913 ecclefiae
1335 1878 1581 1919 Dunkeldenfi,

300 1967 437 2005 praeter
455 1967 564 1995 terras
583 1959 820 1995 ecclesiasticas
838 1962 879 1994 de
893 1961 1078 2005 Fordowy,
1096 1966 1209 1994 tentas
1223 1962 1264 1994 de
1282 1961 1419 1994 Abbate
1437 1967 1472 1994 et
1491 1961 1581 1994 Con-

301 2047 409 2075 ventu
426 2043 468 2075 de
486 2042 767 2087 Dumfermeling
783 2053 791 2082 ;
819 2043 938 2075 volens
956 2042 1097 2075 mitram
1115 2053 1242 2087 augere
1255 2047 1289 2075 et
1303 2053 1365 2085 per
1379 2048 1487 2075 terras
1501 2053 1580 2085 pro-

302 2123 394 2165 prias
419 2124 510 2156 inter
528 2124 620 2157 dicta
646 2124 776 2167 palatia
800 2123 966 2167 equitare,
992 2123 1106 2166 primo
1132 2120 1345 2167 conquesivit
1360 2121 1580 2166 superiorita-
