1837 2698
649 296 814 331 PONTIS
835 294 1203 330 DUNKELDENSIS.
1497 299 1543 334 89

261 413 397 452 tempus
419 407 569 451 compoti
589 417 662 441 xxv
680 410 704 441 ἔ.
723 418 746 441 v
762 405 795 441 d.
846 407 896 440 Et
925 407 1094 440 allocatur
1119 405 1230 439 eidem
1251 415 1312 448 per
1328 402 1541 447 empcionem

261 489 371 523 decim
391 489 556 523 cellarum
577 489 741 522 redarum
762 489 969 532 equinarum
990 485 1037 521 lie
1062 483 1189 532 nappis
1206 485 1380 519 coriorum
1402 484 1545 528 equino-

259 581 339 604 rum
354 569 704 613 reformationemque
722 570 861 603 illarum
879 580 917 602 ac
934 569 1041 612 panni
1059 569 1149 601 lanei
1168 578 1231 611 pro
1244 566 1408 611 pannulis
1420 575 1545 600 earun—

260 652 338 685 dem
362 662 401 684 ac
418 651 610 685 mercedem
636 650 796 684 laborum
822 650 994 684 artificum
1020 647 1207 693 ceterisque
1225 645 1381 691 expenfis
1400 644 1544 692 fingulis

260 733 350 765 eirca
376 733 477 765 cellas
507 730 705 776 hujusmodi
735 732 821 776 xxiij
858 734 883 763 ἔ.
917 731 954 774 iij
990 728 1023 763 d.
1088 729 1138 763 Et
1168 730 1337 762 allocatur
1366 728 1478 761 eidem
1507 727 1543 760 in

261 811 416 856 expensis
449 813 592 856 antique
621 810 726 845 fimbe
756 810 949 855 presentate
979 822 1042 854 per
1073 810 1266 843 Dominum
1297 808 1472 842 Abbatem
1502 809 1545 842 de

261 893 372 927 Scona
395 897 532 937 portate
558 893 601 926 ad
626 891 858 926 Dounkelden
883 888 949 924 xxti
975 894 1001 924 ἔ.
1029 891 1053 936 ij
1083 888 1117 925 d.
1168 890 1219 924 Et
1242 891 1411 924 allocatur
1433 889 1545 923 eidem

261 985 324 1018 pro
354 974 510 1007 mercede
539 973 667 1007 laboris
701 972 845 1006 Domini
876 971 1051 1016 Anthonij
1085 970 1285 1004 McDowale
1316 968 1546 1004 construentis

260 1053 404 1089 fimbam
429 1065 498 1099 que
519 1065 611 1088 nunc
629 1052 677 1087 est
699 1054 792 1097 apud
816 1053 1018 1097 lapicidium
1045 1064 1110 1096 pro
1127 1052 1294 1085 vehendis
1311 1051 1487 1095 lapidibus
1504 1062 1548 1085 ex

262 1136 423 1180 lapicidio
450 1135 494 1169 ad
518 1135 643 1180 bighas
669 1140 704 1168 et
727 1145 791 1178 pro
814 1134 985 1167 bitumine
1006 1134 1081 1178 pice
1113 1138 1148 1167 et
1177 1133 1254 1166 aliis
1284 1129 1477 1166 necessariis
1503 1132 1547 1166 ad

261 1217 389 1250 dictam
415 1216 571 1260 symbam
597 1221 713 1259 preter
740 1215 878 1248 tabulas
901 1219 936 1248 et
960 1215 1056 1260 ligna
1081 1225 1150 1258 que
1174 1213 1318 1247 fuerunt
1342 1213 1486 1246 Domini
1512 1218 1547 1247 et

262 1308 324 1341 per
340 1308 420 1331 eum
437 1297 549 1330 eidem
567 1297 692 1330 donate
710 1297 759 1341 xij
779 1297 814 1329 li.
832 1297 867 1341 xj
888 1299 913 1329 ἔ.
931 1296 968 1340 iij
989 1293 1021 1329 d.
1072 1294 1123 1328 Et
1140 1295 1308 1328 allocatur
1325 1294 1437 1327 eidem
1456 1291 1548 1327 simi—

261 1379 340 1411 liter
366 1378 403 1411 in
431 1376 723 1411 construccionem
747 1375 935 1411 fimbucule
961 1388 1027 1421 que
1053 1375 1104 1410 est
1128 1376 1223 1420 apud
1248 1373 1295 1408 lie
1319 1372 1482 1408 bzclwark
1506 1375 1542 1408 in

261 1459 453 1492 mercedem
470 1459 599 1492 laboris
613 1458 787 1492 artificum
805 1463 839 1492 et
853 1459 930 1492 aliis
945 1455 1101 1502 expenfis
1119 1461 1237 1501 preter
1250 1457 1347 1502 ligna
1359 1461 1394 1489 et
1408 1455 1544 1489 tabulas

261 1540 372 1573 xxxiii
390 1542 415 1573 ἔ.
434 1540 496 1584 viij
515 1537 549 1573 d.
599 1539 649 1572 Et
675 1540 844 1572 auocatur
869 1539 979 1572 eidem
1004 1539 1042 1572 in
1064 1536 1110 1572 lie
1133 1536 1279 1583 uncqstis
1301 1536 1419 1582 symbe
1442 1537 1546 1570 calcis

261 1626 375 1664 empte
397 1622 433 1654 in
451 1620 561 1654 Perth
580 1631 642 1664 per
660 1620 853 1654 Dominum
875 1625 911 1653 et
936 1631 999 1663 pro
1025 1620 1201 1663 portitura
1218 1619 1263 1653 ad
1279 1619 1429 1662 opellam
1446 1628 1545 1651 xxxv

261 1704 286 1735 ἓ.
304 1702 365 1746 viij
384 1699 418 1734 d.
468 1700 518 1735 Et
544 1702 713 1735 allocatur
738 1701 850 1735 eidem
876 1701 914 1734 in
937 1698 1209 1734 combustionem
1229 1698 1355 1734 ustrini
1381 1699 1482 1733 calcis
1504 1700 1546 1733 de

262 1779 356 1816 testis
378 1780 564 1816 ostriorum
591 1783 628 1816 in
655 1782 866 1816 Crawmond
892 1782 1151 1826 circumportat.
1169 1781 1213 1815 ad
1237 1780 1346 1814 Perth
1369 1781 1485 1813 nawlo
1509 1785 1544 1813 et

263 1862 309 1897 lie
326 1861 472 1907 unctfflis
489 1863 522 1907 vj
543 1864 579 1896 li.
646 1862 696 1897 Et
722 1864 890 1897 allocatur
917 1863 1028 1896 eidem
1050 1863 1088 1896 in
1109 1862 1322 1906 empcionem
1344 1861 1542 1905 quindecim

261 1945 454 1978 celdrarum
489 1944 592 1978 calcis
626 1945 741 1987 precio
771 1944 882 1977 celdre
912 1943 1094 1977 duodecim
1125 1942 1223 1976 solidi
1253 1946 1287 1976 et
1322 1942 1450 1987 viginti
1484 1940 1542 1975 sex

261 2026 454 2060 celdrarum
475 2025 577 2059 calcis
603 2025 719 2069 precio
744 2025 856 2058 celdre
881 2035 996 2058 merca
1021 2024 1202 2057 extenden.
1225 2024 1262 2056 in
1287 2023 1435 2067 pecunia
1460 2033 1545 2066 qua-

260 2107 423 2152 draginta
446 2107 551 2141 unius
577 2107 769 2140 celdrarum
797 2106 840 2140 ad
866 2106 950 2150 xxvj
970 2105 1004 2139 li.
1025 2105 1058 2150 vj
1077 2107 1103 2138 ἔ.
1122 2104 1183 2149 viij
1201 2101 1236 2137 d.
1287 2103 1338 2138 Et
1362 2103 1481 2137 nautis
1506 2103 1543 2136 in
