1837 2698
651 289 815 323 PONTIS
836 290 1192 323 DUNKELDENSIS.
1495 296 1561 327 135

287 412 348 444 per
365 401 575 444 empcionem
602 402 728 446 viginti
752 401 924 435 serrorum
947 412 1139 446 vangarum
1165 411 1225 444 per
1249 404 1385 443 tempus
1411 401 1561 443 compoti

286 483 347 527 xiij
372 484 397 514 ἓ.
449 480 498 514 Et
528 482 565 514 in
594 483 806 525 empcionem
837 482 1033 526 quindecim
1063 481 1235 514 serrorum
1263 480 1471 514 tribulorum
1501 492 1561 524 per

284 560 373 594 idem
400 566 536 604 tempus
564 540 613 605 iiij
633 563 657 593 ἕ.
682 541 732 606 iiij
752 559 784 594 d.
836 561 885 594 Et
916 562 1084 594 allocatur
1113 561 1224 593 eidem
1253 571 1315 604 per
1345 561 1557 603 empcionem

284 642 510 675 ducentorum
537 643 770 686 quadraginta
793 643 971 675 clavorum
989 652 1052 685 pro
1070 639 1115 673 lie
1133 639 1282 674 cenlreis
1299 641 1342 674 ab
1360 640 1561 674 Alexandro

931 700 955 712 nr

281 721 378 754 fabro
396 721 438 754 de
465 721 675 766 Slogynhole
698 722 813 764 precio
831 721 855 766 ij
876 723 900 754 ἔ.
919 721 969 765 iiij
988 718 1021 753 d.
1073 720 1122 753 Et
1139 721 1175 753 in
1193 720 1360 753 fractione
1378 725 1412 753 et
1429 720 1561 753 confec-

280 801 372 834 tione
396 802 628 846 quadraginta
653 802 800 835 duorum
825 800 1033 834 frustrorum
1060 801 1143 834 ferri
1167 801 1203 833 in
1225 801 1331 834 clavis
1349 798 1396 833 lie
1412 799 1560 833 centreis

280 890 313 918 et
340 886 446 919 clavis
474 897 641 929 equorum
672 897 734 928 per
763 890 900 928 tempus
930 884 1080 928 compoti
1106 862 1205 928 xxioirij
1232 886 1257 915 ἓ.
1282 882 1315 926 vj
1336 880 1369 915 d.
1421 882 1469 915 Et
1495 893 1558 926 pro

279 965 436 998 acutione
452 964 623 998 serrorum
642 962 688 997 lie
702 962 859 1010 prenteis
876 975 938 1008 per
955 969 1092 1007 tempus
1110 962 1261 1005 compoti
1277 941 1328 1006 iiui}
1345 964 1370 994 ἔ.
1410 961 1459 994 Et
1472 963 1555 995 allo-

278 1050 375 1078 catur
398 1047 507 1079 eidem
532 1057 594 1089 pro
612 1045 824 1079 confectione
842 1049 994 1088 quatuor
1010 1044 1183 1077 serrorum
1202 1042 1328 1086 Diykis
1348 1052 1411 1086 pro
1429 1042 1555 1086 quibus

280 1125 497 1169 respondebit
515 1137 553 1159 ac
571 1127 780 1159 correctione
799 1126 946 1159 aliorum
964 1130 999 1158 et
1015 1124 1189 1157 serrorum
1203 1121 1331 1156 Aisone
1345 1134 1407 1166 per
1420 1127 1556 1166 tempus

279 1208 427 1250 compoti
446 1207 532 1251 xviij
555 1205 588 1239 d.
639 1206 692 1249 Et
714 1207 824 1240 eidem
850 1217 913 1250 pro
940 1205 1151 1239 confectione
1175 1204 1281 1237 clavis
1304 1201 1407 1237 hostii
1429 1202 1554 1236 stabuli

279 1290 458 1323 exterioris
487 1300 529 1322 ex
556 1294 655 1333 parte
680 1287 822 1322 australi
849 1300 936 1332 aque
962 1268 1011 1332 iiij
1032 1286 1065 1321 d.
1117 1287 1166 1320 Et
1191 1288 1359 1320 allocatur
1382 1286 1492 1319 eidem
1517 1287 1554 1319 in

278 1370 525 1404 confectionem
544 1370 771 1403 ducentorum
789 1370 1022 1414 quadraginta
1039 1369 1217 1401 clavorum
1236 1366 1473 1400 confectorum
1490 1377 1554 1410 pro

278 1448 388 1484 hostio
405 1452 505 1484 navis
522 1448 656 1484 ecclesie
675 1450 905 1484 Dounkelden
923 1461 965 1483 ex
983 1453 1081 1493 parte
1099 1448 1228 1482 boreali
1247 1449 1289 1480 de
1304 1448 1449 1491 antiquo
1461 1447 1554 1480 ferro

276 1532 390 1575 precio
407 1532 455 1576 xij
475 1529 507 1564 d.
559 1531 608 1565 Et
625 1542 690 1575 pro
707 1531 920 1564 confectione
938 1535 1089 1574 quatuor
1106 1527 1152 1562 lie
1164 1526 1316 1573 straikis
1336 1529 1378 1561 de
1400 1527 1493 1563 ferro
1509 1529 1553 1561 ad

496 1589 519 1603 or

276 1692 477 1735 campanilis
507 1691 542 1735 vj
569 1689 601 1724 d.
658 1691 707 1724 Et
738 1702 801 1734 pro
832 1691 1041 1724 correctione
1067 1689 1247 1723 duodecim
1273 1686 1319 1721 lie
1343 1684 1553 1720 doulbandix

276 1773 309 1816 vj
325 1770 357 1804 d.
400 1771 449 1804 Et
467 1773 634 1805 allocatur
651 1772 863 1815 compotanti
882 1782 943 1814 per
960 1770 1203 1803 liberacionem
1220 1769 1347 1802 factam
1361 1767 1551 1801 Willielmo

275 1853 472 1891 Leirmond‚
495 1863 559 1896 pro
580 1852 680 1885 firma
702 1853 826 1885 domus
849 1850 906 1885 sue
929 1852 972 1884 ad
990 1849 1238 1884 conservandas
1257 1860 1384 1882 avenas
1402 1849 1549 1882 verudo-

275 1945 352 1966 rum
379 1944 442 1977 pro
467 1933 617 1966 dimedio
639 1933 721 1966 anni
744 1943 768 1965 x
787 1935 811 1965 ἕ.
862 1931 912 1965 Et
929 1931 1119 1965 &villielmo
1136 1930 1340 1963 Wichtman
1364 1940 1427 1973 pro
1450 1929 1549 1962 firma

274 2013 397 2047 stabuli
424 2025 466 2047 ex
492 2011 633 2047 australi
658 2018 756 2057 parte
785 2024 872 2056 aque
897 2013 938 2045 de
962 2012 1062 2056 Taya
1085 2012 1127 2044 de
1151 2011 1285 2044 duobus
1309 2010 1465 2043 terminis
1485 2010 1547 2053 vi3.

273 2093 514 2128 Penthecostes
539 2100 572 2127 et
596 2093 713 2127 Sancti
739 2093 883 2127 Mertini
907 2094 943 2126 in
967 2092 1090 2136 hyeme
1111 2093 1147 2125 in
1166 2103 1257 2125 anno
1276 2097 1332 2124 *tc*
1353 2092 1387 2123 vc
1403 2090 1550 2124 decimo-
