1837 2698
355 317 494 349 VITAE
516 317 848 350 EPISCOPORUM
870 319 1278 350 DUNKELDENSIUM.
1497 324 1538 354 21

245 428 484 468 tinuationem,
502 433 542 462 ut
568 439 646 462 cuin
670 440 740 462 uno
766 430 820 462 vel
841 430 908 463 alio
928 440 1110 473 procerum
1140 428 1252 462 secum
1281 429 1526 467 habitantium,

243 508 370 542 solebat
389 513 481 542 certa
500 510 656 554 lapidum
677 522 780 544 onera
799 516 898 544 extra
916 511 1116 554 lapicidium
1133 510 1223 544 ferre
1236 510 1401 554 quotidie.
1432 509 1525 543 Tan-

242 590 319 622 dem
346 590 435 623 circa
462 601 591 624 annum
617 591 749 625 domini
775 590 994 625 millesimum
1018 588 1396 636 quadringentesimum
1422 592 1523 635 quin·
1567 593 1650 621 A.D.
1664 594 1744 620 1⁴50.

243 668 481 715 quagefimum
499 677 657 706 mortuus
676 670 735 711 est,
750 677 783 706 et
801 684 843 705 ex
861 677 959 716 parte
977 673 1167 716 aquilonali
1185 672 1328 717 majoris
1348 672 1468 706 altaris
1487 673 1523 705 in

244 751 347 784 choro
365 749 536 796 sepelitur.
587 752 653 786 Cui
672 764 733 797 per
750 752 1035 797 supplicationem
1051 754 1184 798 regiam
1202 751 1354 787 succeffit

293 997 554 1031 MAGISTER
576 997 787 1031 THOMAS
810 997 1042 1038 LAWDER,
1055 996 1223 1043 Magister
1241 999 1282 1031 de
1294 998 1465 1043 Sowtray,
1484 1011 1522 1033 ac

243 1083 444 1122 praeceptor
461 1079 552 1124 regis
563 1079 586 1111 J
589 1079 685 1112 acobi
703 1078 851 1118 secundi,
863 1080 917 1112 vir
934 1080 1154 1124 grandaevus
1172 1084 1206 1112 et
1222 1078 1476 1124 sexagenarius,
1489 1087 1521 1113 et

243 1160 328 1193 adeo
348 1170 410 1204 per
433 1160 625 1204 capitulum
647 1161 759 1204 primo
781 1159 966 1199 recusatus,
985 1161 1126 1193 tandem
1149 1162 1186 1194 in
1210 1159 1407 1205 episcopum
1425 1161 1523 1194 Dun-

243 1239 436 1274 keldensem
454 1240 600 1274 feliciter
617 1240 833 1274 consecratus
850 1239 909 1274 est.
945 1241 1109 1274 Pontifex
1129 1239 1191 1274 iste
1211 1241 1430 1280 venerabilis,
1448 1242 1523 1275 lite-

242 1331 298 1354 ras
316 1321 453 1354 divinas
470 1321 603 1361 doctus,
621 1320 722 1354 fidem
741 1320 809 1354 suis
827 1322 1076 1365 parochinariis
1096 1333 1157 1365 per
1174 1320 1206 1355 se
1224 1323 1437 1365 praedicavit
1454 1333 1463 1361 3
1491 1328 1523 1355 et

241 1412 327 1445 quos
345 1401 582 1436 inobedientes
600 1401 675 1435 Deo
693 1407 727 1435 et
744 1402 892 1446 principi
911 1403 1049 1446 reperit,
1068 1403 1201 1447 primus
1221 1403 1376 1436 moribus
1394 1408 1428 1436 et
1446 1404 1518 1436 vita

240 1483 458 1526 perdomuit:
485 1493 524 1517 ac
542 1483 603 1516 ubi
621 1470 768 1528 agrestis*
782 1484 839 1516 ille
857 1484 1005 1527 populus
1024 1483 1129 1517 feroci
1151 1484 1267 1517 animo
1289 1484 1437 1528 patriam
1463 1485 1520 1518 de-

239 1562 438 1607 populabat,
465 1574 593 1609 magna
610 1562 770 1598 suffultus
788 1564 932 1603 familia,
949 1570 984 1598 et
1001 1565 1122 1598 habita
1139 1565 1268 1599 ballivo
1286 1564 1345 1599 suo
1364 1565 1520 1599 commis-

240 1642 331 1678 sione
348 1645 455 1690 regia,
473 1644 621 1689 patibuli
639 1656 741 1689 poena
759 1645 957 1679 coercebat:
984 1645 1089 1679 Illum
1107 1646 1291 1690 praecipue
1309 1647 1518 1690 praedonem

238 1724 398 1765 Makbre‚
416 1736 494 1760 cum
512 1725 592 1760 filiis
610 1732 644 1760 et
662 1726 886 1770 complicibus
905 1725 983 1765 suis,
1002 1725 1062 1760 sua
1078 1725 1264 1772 sagacitate
1282 1728 1443 1771 perdidit,
1457 1728 1518 1772 qui

238 1812 321 1839 tunc
338 1806 430 1839 inter
447 1817 565 1840 omnes
583 1804 822 1841 famofiffimus
842 1807 1044 1841 habebatur.
1097 1805 1221 1841 Postea
1239 1819 1321 1841 vero
1344 1819 1454 1841 unum
1473 1806 1519 1841 lie

226 1885 384 1931 ιβ’)νηθὶν,
396 1886 462 1920 hoc
479 1885 528 1920 est
543 1892 728 1932 vagantem
744 1899 806 1932 per
825 1894 933 1922 terras
948 1887 1094 1932 episcopi
1109 1894 1143 1922 et
1157 1886 1322 1928 ecclesiae,
1337 1890 1517 1933 compelle-

239 1967 298 2001 bat
318 1973 359 2002 ut
379 1968 410 2001 ei
433 1968 545 2001 victus
567 1973 601 2002 et
628 1970 773 2013 pecunia
796 1968 994 2009 solveretur,
1018 1971 1058 2003 de
1087 1971 1182 2004 tribu
1206 1970 1367 2004 Duncani
1390 1970 1517 2005 Hiber-

237 2050 311 2084 nice
325 2049 614 2095 Clandonoquhy,
626 2050 819 2084 carceribus
835 2052 1047 2095 mancipavit
1061 2062 1068 2091 ;
1098 2057 1131 2085 et
1145 2058 1328 2096 propterea
1346 2053 1459 2086 tribus
1477 2055 1516 2087 il-

238 2132 304 2166 lius
318 2137 432 2176 caput,
444 2131 643 2166 Alexander
656 2132 810 2172 Roberti‚
824 2132 995 2177 prefatum
1013 2133 1207 2177 pontificem
1227 2134 1281 2167 die
1299 2133 1414 2168 sancto
1428 2135 1515 2168 Pen-
