1837 2698
320 312 364 344 42
494 308 632 340 VITAE
654 306 981 339 EPISCOPORUM
1002 304 1408 337 DUNKELDENSIUM.

318 418 382 451 hoc
407 418 561 451 omnium
589 417 831 450 canonicorum
857 413 996 454 assensu,
1022 415 1058 447 in
1085 414 1314 458 praebendam
1340 413 1502 446 reduxit:
1537 411 1586 445 Et

318 499 401 542 quia
418 499 458 531 ad
477 497 747 541 supportandum
766 507 852 529 onus
870 494 1123 539 hospitalitatis,
1140 495 1273 528 fructus
1292 499 1463 528 terrarum
1479 493 1585 526 exiles

317 582 425 617 erant,
437 578 513 611 ideo
524 575 727 621 conquestus
739 575 787 609 est
798 581 906 610 terras
918 577 959 609 de
971 575 1189 614 Litilkethik,
1201 579 1234 608 et
1244 575 1459 619 praebendae
1470 574 1586 607 univit

317 656 487 692 ecclefiam
507 659 548 690 de
566 657 776 702 Logybride,
794 661 828 689 et
845 657 924 689 inde
943 655 1147 701 magistrum
1164 654 1315 689 instituit
1328 654 1584 698 hospitalitatis,

317 741 351 770 et
368 736 494 780 septem
515 747 681 780 pauperes
702 747 764 779 per
784 746 863 768 eum
886 736 1052 780 regendos
1076 740 1109 768 et
1132 733 1380 773 sustentandos,
1406 733 1584 777 ipsumque

316 815 531 862 magistrum,
543 814 697 849 ecclefiae
710 815 788 849 suae
802 816 1015 854 canonicum,
1026 815 1365 858 ceremoniarumque
1379 811 1585 858 magistrum

316 902 351 931 et
368 898 530 930 continuo
548 894 760 935 residentem,
779 907 907 939 perque
925 896 1115 938 capitulum
1133 894 1231 928 suum
1246 895 1289 927 ad
1308 895 1373 927 hoc
1387 895 1585 939 eligendum

315 983 348 1011 et
378 976 674 1021 praesentandum,
704 976 878 1009 ordinavit
897 986 906 1015 ς
944 980 1049 1019 prout
1078 976 1115 1008 in
1145 975 1354 1008 reductionis
1388 973 1585 1018 hujusmodi

314 1058 527 1097 fundatione,
545 1057 750 1090 auctoritate
767 1053 951 1099 apostolica
968 1055 1179 1093 confirmata,
1200 1055 1336 1098 plenius
1355 1054 1584 1087 modificatur.

363 1217 413 1251 Et
430 1219 522 1261 quia,
545 1222 585 1250 ut
601 1215 856 1260 praescribitur,
878 1214 982 1259 pestis
1000 1215 1163 1259 epidimie
1181 1215 1386 1259 pullulabat,
1405 1216 1585 1249 attendens

312 1298 468 1341 pontifex
492 1298 687 1341 praedictus
712 1297 890 1330 raritatem
911 1296 1161 1339 parochialium
1183 1293 1410 1335 ecclesiarum,
1433 1300 1467 1328 et
1484 1307 1586 1340 prop-

312 1384 405 1412 terea
433 1379 476 1411 ad
501 1378 624 1411 funera
649 1376 850 1410 concursum
877 1377 985 1410 totius
1011 1377 1143 1420 patriae
1168 1375 1418 1420 periculosum3
1446 1381 1480 1410 et
1504 1378 1586 1421 quia

310 1459 474 1503 parochia
499 1463 582 1492 tunc
612 1458 713 1491 Litill
738 1457 902 1490 Dunkeld
932 1461 1141 1500 nuncupata,
1171 1457 1242 1490 lata
1268 1461 1342 1489 erat
1368 1462 1401 1490 et
1426 1456 1583 1500 dispersa,

311 1538 454 1572 sedecim
480 1539 608 1571 habens
633 1538 782 1570 miliaria
809 1537 1048 1582 longitudinis,
1074 1538 1150 1570 ideo
1175 1538 1270 1570 illam
1297 1535 1435 1577 divifit;
1463 1538 1576 1581 primo

312 1620 348 1652 in
362 1620 447 1652 duas
461 1618 640 1662 parochias
653 1628 662 1657 ;
680 1628 785 1650 unam
800 1617 1031 1660 parochialem
1045 1617 1086 1650 de
1101 1616 1198 1650 Litill
1212 1616 1376 1650 Dunkeld
1390 1618 1583 1661 antiquitus

313 1697 541 1732 constructam
556 1709 565 1738 3
588 1699 690 1731 aliam
709 1698 751 1730 de
765 1697 909 1740 Capeth,
927 1697 986 1729 ubi
1000 1695 1068 1730 suis
1082 1696 1275 1740 sumptibus
1289 1697 1432 1731 chorum
1447 1696 1583 1738 struxit,

313 1785 347 1813 et
364 1780 501 1813 ornavit
519 1779 653 1822 depicto
672 1778 888 1816 antemurali,
910 1776 1075 1810 fenestras
1094 1778 1185 1810 vitro
1205 1778 1401 1811 decoravit:
1436 1778 1485 1812 Et
1505 1790 1582 1823 par-

314 1871 394 1894 vam
412 1860 589 1897 vicariam,
606 1869 710 1902 quam
729 1857 851 1891 habuit
868 1858 992 1890 mitrae
1014 1868 1195 1896 annexam,
1219 1858 1347 1891 vicario
1364 1858 1401 1891 in
1418 1857 1582 1893 sustenta-

313 1942 440 1975 tionem
470 1936 601 1985 [dedit]
628 1949 777 1971 unacum
802 1943 917 1971 monte
942 1938 977 1970 in
1001 1949 1070 1981 quo
1092 1937 1254 1971 fundavit
1277 1937 1458 1978 ecclesiam,
1484 1940 1580 1982 prius

312 2021 503 2065 vulgariter
515 2022 714 2062 nuncupato
729 2015 918 2057 sslwtehill,
937 2022 971 2050 et
984 2022 1135 2061 quatuor
1149 2029 1244 2051 acras
1263 2022 1374 2051 terrae
1392 2019 1428 2051 in
1444 2018 1578 2063 glebam

313 2098 476 2139 ecclesiae,
502 2104 604 2143 prout
628 2099 670 2132 ad
697 2099 839 2144 longum
864 2099 898 2131 in
923 2097 1136 2132 fundationis
1158 2104 1253 2133 carta
1276 2098 1435 2138 habetur,
1461 2097 1579 2145 figillis
