1837 2698
56 1396 94 1426 A.
112 1396 152 1426 D.
175 1398 264 1426 1447.

319 318 364 348 20
494 314 632 345 VITAE
655 314 987 346 EPISCOPORUM
1008 315 1417 347 DUNKELDENSIUM.

316 422 455 457 nerosus
474 426 677 469 cognomine
693 423 860 463 Forester,
875 433 909 457 et
927 425 1036 458 officio
1050 423 1248 459 forestarius
1263 426 1304 459 de
1317 425 1500 464 Torwode,
1511 424 1591 458 casu

317 502 361 537 fic.
372 505 529 549 contigit,
543 509 583 538 ut
598 505 687 538 idem
704 505 878 538 Robertus
894 505 1065 549 equitaret
1077 505 1193 539 versus
1208 506 1327 546 Perth,
1339 511 1373 540 et
1387 507 1427 540 ad
1442 507 1592 540 orienta-

319 588 385 618 lem
403 590 537 629 partem
551 584 706 619 ecclefiae
723 587 764 619 de
780 586 1023 632 Outhergavin
1038 587 1178 620 obvium
1194 587 1317 621 habuit
1328 588 1461 621 dictum
1473 587 1592 622 Fores-

315 674 377 705 ter,
392 668 451 711 qui
471 671 504 700 et
521 666 590 710 ipse
608 671 681 700 erat
699 678 804 711 nepos
822 666 967 711 episcopi
985 679 1028 701 ex
1050 666 1173 707 sorore,
1192 673 1226 701 et
1249 667 1362 702 subito
1384 668 1416 701 se
1441 669 1588 702 invicem

317 749 350 780 vi
371 749 609 791 impulerunt3
636 748 696 781 ubi
717 748 890 782 Robertus
908 748 1082 782 lethaliter
1100 749 1302 782 vulneratus
1320 750 1357 782 in
1380 750 1503 793 capite,
1522 760 1591 782 non

316 827 432 861 statim
459 829 629 868 occubuit,
648 828 703 862 sed
730 830 830 874 ligari
854 828 983 862 faciens
1007 835 1110 873 caput
1133 830 1276 869 lintheo,
1295 831 1391 863 venit
1415 829 1524 863 Perth
1548 831 1591 863 ad

316 909 460 954 Regem,
471 914 505 943 et
523 910 700 953 expedivit
713 908 807 943 suam
822 920 948 943 novam
964 910 1232 944 infeodationem
1251 915 1425 943 terrarum
1444 911 1485 943 de
1499 910 1595 944 Stro-

316 1001 425 1029 wane,
453 991 488 1023 in
515 991 707 1023 mercedem
733 1002 796 1034 pro
826 991 983 1034 captione
1009 989 1170 1036 Magistri
1196 990 1361 1031 Atholie3
1388 996 1421 1024 et
1447 992 1593 1031 rediens,

315 1076 415 1115 capta
441 1069 645 1115 possessione,
663 1071 847 1111 occubuit3
875 1076 909 1104 et
935 1071 971 1104 in
997 1072 1072 1116 ejus
1099 1072 1220 1105 mortis
1246 1072 1447 1111 vindictam,
1474 1072 1586 1105 tribus

315 1152 594 1196 Clandonoquhy
615 1151 747 1195 semper
774 1153 858 1185 dum
887 1157 1056 1186 vocantur
1081 1153 1124 1185 ad
1150 1153 1279 1185 bellum
1312 1153 1447 1198 regium
1474 1158 1594 1186 contra

316 1233 461 1278 Anglos‚
484 1234 654 1266 invadunt
677 1238 711 1266 et
737 1233 949 1277 depopulant
972 1238 1082 1267 terras
1105 1234 1147 1266 de
1169 1233 1351 1267 Torwode.
1383 1233 1522 1267 Nobilis
1540 1235 1595 1267 vir

316 1314 377 1348 iste
395 1315 534 1348 tandem
555 1315 599 1348 ad
616 1312 788 1347 ecclesiam
803 1313 1048 1359 Glasguensem
1067 1312 1254 1347 transsatus
1272 1312 1332 1354 est,
1347 1319 1381 1348 et
1399 1315 1498 1359 regni
1516 1325 1596 1348 con-

314 1394 456 1430 stitutus
488 1395 733 1435 Cancellarius,
764 1406 856 1429 anno
883 1394 1015 1429 domini
1043 1392 1225 1429 millesimo
1257 1393 1595 1441 quadringentesimo

315 1475 575 1523 quadragesimo
593 1476 744 1521 septimo.
788 1476 854 1510 Cui
879 1477 920 1510 ad
947 1474 1205 1520 requisitionem
1225 1477 1354 1521 regiam
1375 1474 1526 1510 succeffit
1542 1487 1594 1510 re-

316 1560 368 1604 gis
387 1558 598 1597 secretarius,

360 1803 619 1838 MAGISTER
631 1803 654 1836 J
657 1802 897 1837 OHANNES
915 1802 1199 1842 RALSTOUN;
1212 1807 1246 1835 et
1259 1801 1352 1836 stetit
1364 1801 1539 1846 episcopus
1551 1804 1592 1836 ad

318 1898 424 1920 annos
443 1886 578 1919 circiter
595 1890 746 1929 quatuor
763 1894 771 1917 :
806 1884 884 1922 Quo
901 1889 1055 1928 tempore
1073 1881 1300 1927 provisionem
1319 1883 1401 1916 fecit
1417 1884 1458 1916 de
1472 1885 1594 1927 lapidi-

320 1969 381 2001 bus
399 1966 496 2001 sectis
515 1972 547 2000 et
566 1967 744 2011 quadratis
763 1977 805 1999 ex
823 1946 983 2009 lapicidio
1000 1966 1041 1999 de
1060 1965 1260 2003 Burnbane‚
1279 1976 1342 2008 pro
1361 1965 1593 1998 continuando

316 2060 417 2092 opere
442 2049 540 2081 navis
562 2045 717 2081 ecelesiae
738 2049 875 2091 incepto
897 2058 959 2091 per
976 2044 1263 2091 praedecessorem
1282 2044 1381 2079 suum
1399 2046 1592 2079 Robertum

320 2131 481 2174 Cardeny
494 2141 501 2170 3
530 2135 563 2163 et
582 2135 619 2163 ut
639 2141 702 2175 ego
716 2128 860 2172 scriptor
873 2127 1103 2172 praesentium
1119 2129 1247 2166 audivi,
1262 2128 1346 2160 adeo
1359 2127 1500 2170 optabat
1515 2137 1593 2160 con-
