1837 2698
301 320 346 350 34
482 317 620 349 VITAE
642 317 972 349 EPISCOPORUM
992 317 1400 349 DUNKELDENSIUM.

301 431 472 460 terrarum
499 427 798 462 ecclesiasticarum
823 430 864 461 de
891 428 1088 468 Kincarnis,
1116 429 1318 462 cancellario
1343 434 1426 462 tunc
1452 426 1581 472 Magis-

300 513 353 541 tro
389 508 539 553 Georgio
574 509 718 549 Brown,
754 516 788 543 et
821 510 1068 553 praebendario
1099 511 1141 543 de
1175 510 1296 543 Ruffill
1326 515 1409 543 tunc
1439 509 1579 542 domino

301 590 457 624 Thomae
485 592 585 636 Byne
614 593 874 635 pertinentium,
907 593 1058 631 vexavit,
1088 593 1179 636 quod
1207 603 1276 625 non
1302 589 1433 625 finebat
1458 601 1577 624 eorum

301 672 474 711 animalia,
498 684 559 706 nec
581 674 616 706 in
639 674 789 717 propriis
813 685 874 706 nec
897 674 1139 707 communibus
1162 672 1307 717 pascuis,
1332 674 1427 706 ultra
1449 677 1577 706 terram

298 764 416 786 eorum
436 755 564 787 cultam
590 753 733 798 depasci,
758 756 910 800 allegans
935 762 1044 788 terras
1068 752 1307 788 ecclesiasticas
1331 755 1424 787 ultra
1448 759 1577 787 terram

296 836 423 868 cultam
443 836 668 878 pertinentias
687 841 720 868 et
739 837 922 881 privilegia
939 847 1008 869 non
1026 836 1177 874 habere3
1206 840 1239 868 et
1261 839 1444 878 propterea
1463 835 1579 878 quoti—

295 917 350 949 die
368 917 503 949 namari
521 916 602 950 fecit
621 924 777 950 armenta
796 922 828 950 et
847 918 1003 956 detineri,
1029 916 1205 961 quousque
1228 928 1397 960 pauperes
1416 915 1578 959 inquilini

294 998 335 1030 ad
361 998 493 1030 curiam
518 999 601 1031 dicti
626 998 747 1031 Jacobi
773 999 931 1031 venirent
955 1003 990 1031 et
1013 997 1192 1031 servitium
1216 1002 1250 1030 et
1268 996 1467 1042 obsequium
1485 998 1578 1030 dicto

293 1077 433 1117 Jacobo,
445 1078 835 1122 autunipui,seriii11iS,et
854 1080 998 1112 aliorum
1015 1079 1172 1112 laborum
1186 1077 1579 1123 temporibus‚spospon-

293 1160 423 1198 derent,
447 1160 483 1192 in
505 1160 695 1192 maximum
722 1159 877 1193 eeclesiae
903 1161 1072 1193 libertatis
1099 1162 1301 1204 dampnum.
1352 1159 1450 1193 Dicti
1468 1160 1578 1204 igitur

294 1241 516 1273 cancellarius
535 1246 569 1273 et
594 1240 712 1273 Ruffill
736 1241 995 1284 prebendarius,
1019 1241 1217 1285 frequentes
1236 1242 1328 1274 dicto
1346 1241 1500 1284 pontifici
1518 1239 1577 1274 suo

291 1323 526 1365 querimonias
553 1321 809 1365 exposue1·unt;
837 1334 923 1366 quas
948 1323 1039 1355 idem
1063 1322 1222 1366 pontifex
1247 1322 1338 1355 ferre
1359 1333 1429 1355 non
1447 1322 1578 1361 valens,

291 1409 411 1437 contra
437 1404 565 1436 dietum
593 1403 774 1442 Jacobum,
807 1404 930 1446 primo,
959 1404 1017 1436 via
1043 1403 1356 1447 perambulationis
1385 1404 1576 1436 remedium

290 1486 523 1528 attemptavit,
548 1483 843 1529 eomuiiffionique
861 1485 1008 1525 causam,
1033 1486 1074 1518 de
1092 1484 1253 1518 consensu
1270 1485 1293 1517 J
1295 1485 1402 1524 acobi,
1422 1485 1576 1518 obtinuit

291 1565 483 1599 Willielmo
501 1567 618 1599 comiti
641 1567 682 1598 de
707 1565 831 1605 Eroll;
859 1572 893 1599 et
918 1567 973 1599 die
998 1567 1308 1610 perambulationis
1331 1564 1472 1605 statuto,
1497 1576 1576 1608 par-

290 1646 383 1680 tibus
410 1652 444 1680 et
470 1648 584 1690 patria
613 1647 649 1680 in
679 1658 805 1692 magno
833 1659 990 1686 numero,
1020 1647 1122 1691 super
1148 1646 1282 1691 pascuis
1309 1647 1574 1685 debatabilibus,

291 1729 411 1773 vigilia
428 1728 579 1761 Simonis
598 1733 632 1761 et
649 1728 671 1760 J
675 1730 773 1766 udae,
797 1729 1094 1767 convenientibus,
1120 1729 1210 1761 idem
1229 1728 1251 1760 J
1254 1728 1391 1767 acobus,
1420 1729 1571 1761 multum

295 1814 335 1843 ut
352 1814 427 1843 erat
444 1808 578 1843 astutus
600 1811 868 1853 municipalibus
893 1811 991 1854 regni
1016 1810 1198 1853 practicus,
1224 1810 1306 1853 quia
1331 1808 1490 1852 sperabat
1511 1820 1576 1853 pro

289 1889 425 1925 ecclefia
443 1891 636 1930 victoriam,
659 1892 835 1924 evadendo
858 1890 1037 1935 proposuit
1060 1891 1221 1924 Judicem
1245 1902 1316 1924 non
1337 1891 1512 1935 juratum,
1538 1895 1571 1923 et

289 1971 333 2007 fic
351 1972 473 2007 cessata
490 1972 538 2007 est
556 1974 809 2018 perambulatio
827 1975 894 2007 illa.
947 1973 1111 2007 Pontifex
1130 1973 1185 2006 vir
1202 1971 1336 2016 sapiens
1353 1970 1571 2005 considerans

287 2055 456 2088 Jacobum
475 2057 516 2089 de
538 2055 638 2089 causa
662 2054 722 2088 sua
746 2055 936 2099 desperare,
962 2060 996 2088 et
1020 2053 1096 2099 post
1121 2055 1249 2087 multas
1273 2052 1438 2097 expensas
1463 2052 1576 2086 factas

289 2134 455 2170 delusorie
477 2134 623 2176 evafiss'e,
649 2135 834 2180 respondit,
861 2141 880 2154 ‘⁶
900 2136 1155 2180 Expendentur
1177 2136 1219 2168 de
1242 2135 1342 2168 bonis
1365 2134 1484 2168 Sancti
1509 2133 1576 2168 Co-
