1837 2698
482 293 621 325 VITAE
643 295 971 329 EPISCOPORUM
993 299 1401 333 DUNKELDENSIUM.
1539 305 1580 339 61

306 412 383 435 rum
395 403 521 448 dignus
533 405 626 438 ultor
641 415 650 445 3
677 409 711 438 et
725 407 808 449 quia
821 418 865 440 ex
879 408 1048 442 nobilium
1062 410 1254 453 alpinatum
1267 410 1401 444 familia
1412 412 1580 457 originem

303 482 415 522 duxit,
440 482 630 524 incestuosi,
654 487 802 520 adulteri
824 492 858 521 et
878 488 1103 523 fornicatores
1127 491 1171 523 ad
1196 492 1433 524 correxionem
1458 495 1580 532 vocati,

303 563 423 596 mitius
439 562 552 598 secum
570 567 626 611 agi
644 572 818 610 putantes,
832 566 909 602 suos
923 567 984 602 fibi
999 569 1268 616 consanguineos
1283 572 1424 612 dieunt3
1443 573 1581 618 respon-

300 644 351 677 dit
370 644 592 686 subdecanus,
610 648 687 682 ideo
705 648 738 682 se
755 650 793 682 in
811 650 1006 683 animarum
1022 650 1160 685 suarum
1180 654 1347 686 medelam
1369 655 1493 687 acriori
1507 667 1579 689 cor-

298 726 440 760 rectioni
458 728 636 762 intendere
650 731 736 763 velle
752 741 761 770 ;
789 731 882 774 quod
895 732 1085 771 audientes,
1099 732 1276 778 sanguinis
1291 737 1575 770 communitatem

297 813 473 852 negantes,
491 820 548 842 eos
566 808 662 853 quasi
680 811 828 845 aliorum
846 823 957 856 poena
973 814 1170 856 plectendos
1188 815 1348 849 offerunt.

340 1050 637 1085 SUCCENTOR
661 1054 822 1088 dominus
848 1054 964 1089 David
991 1056 1173 1102 Balbirny,
1199 1069 1242 1091 ex
1267 1058 1401 1093 familia
1423 1059 1569 1106 Georgei

292 1131 450 1176 episcopi,
476 1138 634 1167 materna
655 1135 766 1168 eidem
785 1134 950 1181 sanguine
964 1138 1120 1182 junctus,
1146 1140 1201 1173 vir
1226 1141 1383 1181 devotus,
1411 1142 1569 1181 affabilis,

292 1212 472 1258 benignus,
489 1213 620 1248 socialis
637 1215 870 1260 jocundorum
889 1229 1001 1252 comes
1017 1230 1026 1259 3
1054 1221 1162 1254 altare
1180 1220 1298 1255 Sancti
1316 1222 1494 1266 Stephani,
1512 1226 1569 1258 de-

291 1294 429 1327 votione
447 1270 564 1328 Sancti
583 1295 741 1330 Thomae
759 1298 922 1338 martiris,
937 1300 1113 1334 decoravit
1130 1303 1244 1345 palliis
1259 1308 1293 1336 et
1310 1302 1431 1337 missali
1446 1315 1568 1350 perga-

289 1376 403 1410 mineo
429 1388 556 1422 magno
582 1379 758 1413 volumine
781 1379 930 1425 scripto:
957 1381 1247 1418 Anniversarium
1272 1385 1375 1418 etiam
1404 1386 1566 1421 fundavit

287 1461 327 1490 ut
346 1458 482 1492 dicitur.

335 1700 765 1737 PRAEBENDARIUS
779 1705 820 1738 de
832 1705 1024 1751 Fonghort‚
1039 1708 1094 1741 vir
1107 1719 1313 1754 magnarum
1328 1711 1508 1746 literarum
1527 1719 1561 1747 et

285 1782 438 1822 virtutis,
456 1782 624 1828 Magister
641 1784 758 1819 David
776 1786 963 1827 Meldrum,
980 1794 1093 1823 rector
1115 1791 1157 1823 de
1181 1790 1281 1825 Blair
1297 1792 1334 1825 in
1351 1792 1507 1835 Atholia,
1526 1800 1559 1828 et

284 1862 437 1896 officialis
447 1863 565 1897 Sancti
579 1864 741 1899 Andreae
754 1867 953 1911 principalis
969 1879 977 1908 ;
997 1870 1120 1915 majori
1133 1872 1234 1904 altari
1246 1876 1280 1905 et
1293 1871 1449 1907 ecclesiae
1460 1874 1558 1909 Dun-

283 1942 433 1977 keldenfi
459 1945 603 1978 donavit
628 1946 714 1980 duos
740 1948 861 1981 calices
886 1954 1067 1994 argenteos
1093 1952 1286 1993 deauratos,
1310 1955 1396 1988 duas
1421 1956 1556 1999 phiolas

283 2030 473 2070 argenteas,
495 2031 529 2059 et
551 2037 657 2060 unam
682 2032 844 2071 patenam
868 2026 1049 2064 fimulacro
1075 2031 1192 2066 Sancti
1210 2033 1398 2070 Columbae
1415 2040 1553 2081 patroni

283 2112 440 2141 ornatam
455 2117 464 2147 ;
484 2112 621 2151 praeter
631 2108 869 2144 fundationem
884 2109 1023 2146 sacellae
1037 2112 1155 2147 Sancti
1168 2113 1356 2150 Columbae
1367 2118 1404 2152 in
1418 2118 1553 2155 ecclefia
