1837 2698
64 1971 151 2003 AD.
170 1976 257 2007 1483.

315 327 360 361 26
495 327 633 358 VITAE
656 325 984 358 EPISCOPORUM
1005 326 1411 357 DUNKELDENSIUM.

312 437 438 470 larium
464 435 513 470 est
537 438 699 476 delectus,
725 413 941 470 consecratur
966 437 1002 469 in
1027 435 1088 470 sua
1105 433 1340 469 Dunkeldenfi
1365 433 1510 474 ecclesia,
1529 435 1587 467 do-

313 518 440 551 minica
465 518 624 561 proxima
649 516 726 561 post
750 516 875 550 festum
893 517 1089 550 nativitatis
1107 517 1198 550 beati
1215 517 1238 550 J
1240 517 1386 550 ohannis
1406 513 1585 559 baptistae,

311 609 401 632 anno
419 599 549 631 domini
568 573 746 631 millefimo
763 596 1100 643 quadringentesimo
1120 595 1367 642 septuagesimo
1390 595 1495 636 sexto,
1523 607 1583 639 per

307 679 329 710 J
331 679 503 711 ohannem
522 678 693 723 Hepburn
711 678 1046 718 Dowmblanensem,
1063 679 1085 711 J
1088 679 1260 712 ohannem
1278 678 1425 712 Balfour
1438 652 1581 711 BrechiL

304 759 452 799 nensem,
479 760 743 804 praefatumque
767 759 952 799 Thomam,
982 759 1184 793 universalis
1212 757 1367 793 ecelefiae
1397 757 1580 802 episcopos·

306 840 374 873 Hic
392 841 558 884 pontifeX,
577 838 602 873 fi
621 852 691 874 non
710 841 858 886 negotiis
876 841 991 874 curiae
1009 841 1208 885 impedituS‚
1225 845 1260 874 et
1277 839 1333 884 spe
1351 840 1578 883 promotionis

304 920 382 954 suae
397 922 440 954 ad
454 920 782 965 archiepiscopatum
797 921 914 955 Sancti
928 921 1099 960 Andreae,
1111 922 1153 954 ad
1166 921 1276 965 magis
1289 921 1398 953 ardua
1409 918 1576 957 tendiffet,

300 1000 447 1047 insignia
472 1000 598 1036 feciffet
626 1014 740 1047 opera,
766 1013 887 1046 quum,
912 1003 949 1035 in
970 1002 1163 1035 minoribus
1181 1000 1400 1040 constitutus,
1424 998 1576 1034 ecclefias

299 1095 384 1127 quas
403 1083 555 1116 obtinuit
575 1085 726 1117 multum
753 1085 914 1117 decenter
937 1084 1098 1122 ornavit3
1125 1094 1187 1116 nec
1213 1081 1390 1126 episcopus
1416 1081 1528 1114 factus
1556 1092 1576 1113 a

300 1165 399 1198 bonis
418 1165 578 1208 operibus
596 1163 755 1204 cesshvit3
782 1166 890 1198 altare
909 1164 1053 1197 Sanctae
1067 1163 1255 1197 Katerinae
1269 1163 1416 1207 virginis
1434 1169 1468 1195 et
1485 1172 1576 1194 mar-

299 1246 375 1279 tiris
393 1247 429 1278 in
448 1244 585 1279 ecclefia
602 1244 794 1279 construxit
811 1251 845 1279 et
862 1246 996 1279 dotavit
1011 1255 1020 1285 ;
1047 1245 1272 1288 capellaniam
1290 1245 1395 1277 etiam
1412 1245 1449 1277 in
1467 1243 1574 1277 hono-

296 1337 369 1359 rem
395 1327 467 1360 divi
490 1326 679 1360 Columbae
705 1327 854 1370 patroni,
872 1327 914 1359 ad
941 1327 1049 1359 altare
1067 1325 1185 1358 Sancti
1203 1325 1349 1359 Martini
1375 1325 1412 1358 in
1437 1322 1573 1358 ecclelia

294 1408 473 1452 collegiata
491 1408 582 1441 beati
596 1407 717 1453 Egidii
735 1408 777 1440 de
791 1407 1014 1452 Edinburgh,
1030 1407 1272 1451 perpet11avit3
1297 1410 1439 1449 pontem
1457 1417 1478 1439 a
1494 1416 1571 1449 pre-

289 1487 453 1522 decessore
475 1487 535 1521 suo
555 1488 692 1522 Thoma
713 1489 806 1531 apud
826 1489 994 1531 palatium
1017 1486 1204 1532 episcopale
1225 1486 1466 1520 Dunkeldense
1489 1497 1567 1519 con-

287 1568 454 1602 structum
479 1570 582 1602 altius
604 1570 723 1608 erexit,
747 1569 831 1602 adeo
848 1573 889 1602 ut
906 1569 1013 1613 vulgo
1030 1569 1212 1606 diceretur,
1231 1565 1377 1600 Pontem
1396 1565 1566 1612 Pontg'fhs

287 1648 529 1694 Perpez‘zcavit.
581 1650 693 1682 Seculi
711 1650 802 1683 curis
823 1650 962 1682 demum
980 1648 1171 1692 superatus,
1188 1646 1369 1692 postquam
1387 1647 1562 1692 episcopus

286 1728 416 1763 sedisset
440 1731 540 1764 annis
563 1729 690 1774 septem
711 1730 846 1763 duobus
867 1727 1040 1763 menfibus
1064 1733 1098 1762 et
1121 1729 1232 1762 tribus
1258 1728 1390 1768 diebus,
1410 1726 1563 1771 (mortuo

286 1809 524 1854 predecessore,
543 1822 632 1844 anno
655 1823 725 1844 uno
747 1809 919 1844 mensibus
945 1815 1021 1844 octo
1044 1810 1235 1844 ebdomada
1255 1821 1326 1844 una
1349 1815 1383 1844 et
1406 1811 1560 1854 quinque

284 1892 429 1936 diebus‚)
442 1891 652 1937 Edinburgi,
666 1893 720 1925 die
735 1892 849 1924 Sancti
863 1889 1052 1936 Augustini
1071 1891 1220 1924 doctoris
1234 1891 1381 1930 Aurelii,
1396 1902 1487 1924 anno
1501 1892 1558 1924 do-

283 1974 368 2006 mini
392 1970 569 2005 millesimo
592 1970 929 2017 quadringentesimo
947 1970 1176 2017 octuagesimo
1195 1972 1309 2011 tertio,
1327 1973 1418 2005 diem
1436 1970 1554 2005 clausit

282 2058 486 2091 extremum,
504 2059 538 2086 et
555 2054 591 2086 in
609 2052 760 2086 Emonia
778 2051 887 2086 insula
904 2051 1056 2096 sepultus
1080 2051 1138 2086 est.
1190 2051 1272 2087 Post
1289 2053 1388 2098 quus
1406 2052 1554 2097 sepultu-

279 2144 364 2172 ram,
383 2136 507 2167 electus
526 2132 573 2167 est
592 2135 627 2167 in
647 2133 839 2178 episcopum
858 2145 920 2177 per
937 2135 1138 2178 capitulum,
