1837 2698
260 313 327 344 114,
528 308 791 340 COMPOTUM
812 309 1038 342 MAGISTRI
1060 310 1257 344 FABRICE

862 675 935 714 IV.

482 840 781 879 MAGISTER
812 841 1062 881 FABRICE
1093 840 1315 888 PONTIS,

773 975 835 1013 M.
851 974 901 1013 D.
932 975 1025 1014 XV.

310 1301 397 1335 Item
426 1300 522 1334 Idem
541 1301 753 1344 Compotans
771 1306 890 1335 onerat
907 1300 939 1334 se
957 1302 998 1334 de

310 1462 396 1495 Item
418 1461 514 1494 Idem
534 1466 735 1504 compotans
760 1466 880 1495 onerat
896 1461 928 1495 se
946 1462 988 1495 de
1005 1463 1066 1495 xix
1083 1462 1181 1496 bollis
1199 1473 1387 1496 avenarum
1406 1468 1530 1507 recept.

263 1543 303 1575 de
322 1542 463 1575 decimis
484 1543 526 1574 de
544 1540 647 1574 Ester
665 1541 817 1585 Capetht
843 1543 884 1575 de
905 1539 1020 1588 Crope
1046 1544 1126 1575 anni
1149 1548 1206 1576 *tc*
1225 1545 1259 1576 vc
1276 1544 1397 1576 decimi
1416 1545 1531 1586 quarti

261 1622 310 1655 Et
332 1623 373 1655 de
392 1633 414 1654 v
436 1622 536 1655 bollis
560 1622 583 1666 ij
604 1622 726 1655 firlotis
744 1633 932 1655 avenarum
958 1627 1082 1666 recept.
1109 1624 1151 1656 de
1176 1622 1299 1656 eisdem
1325 1624 1465 1656 decimis
1491 1624 1532 1656 de

263 1700 376 1747 Crope
392 1702 474 1735 anni
493 1707 550 1735 21:0⁴
568 1703 603 1734 vc
620 1702 742 1735 decimi
760 1702 873 1745 quinti
916 1701 966 1735 Et
983 1703 1024 1735 de
1042 1703 1078 1747 iij
1094 1714 1121 1735 c.
1135 1703 1182 1747 vij
1199 1703 1230 1736 b.
1248 1703 1271 1747 ij
1288 1703 1311 1735 f.
1326 1703 1349 1746 ij
1365 1704 1409 1746 p⁰.
1428 1708 1531 1745 empt.

261 1793 322 1825 per
340 1786 593 1825 compotantem
611 1793 672 1825 per
689 1786 826 1825 tempus
844 1782 993 1825 compoti
1011 1787 1051 1816 ut
1068 1787 1163 1826 patet
1176 1783 1213 1816 in
1231 1787 1388 1826 compoto
1406 1793 1531 1825 expen-

260 1862 373 1896 sarum
389 1863 523 1907 argenti

312 2021 470 2065 Expense
488 2021 636 2067 ejusdem
676 2022 718 2056 In
737 2023 859 2066 primis
877 2023 1044 2056 allocatur
1057 2024 1268 2066 compotanti
1284 2033 1346 2066 per
1358 2022 1533 2055 liberacio-

261 2113 341 2137 nem
358 2103 485 2136 factam
499 2103 638 2137 verudis
655 2114 676 2137 a
692 2103 885 2147 penultimo
898 2103 953 2136 die
968 2101 1091 2137 menfis
1108 2102 1241 2147 Aprilis
1259 2103 1340 2136 anni
1359 2107 1418 2135 ’ξο-
1431 2103 1465 2134 v⁰
1477 2102 1534 2136 de-
