1837 2698
871 578 929 616 ΙΙ.

482 745 782 785 MAGISTER
812 745 1062 784 FABRICE
1098 743 1215 783 PON
1219 742 1317 788 TIS,

758 880 821 919 M.
834 879 884 918 D.
900 879 1027 918 XIII.

263 1039 555 1086 COMPOTUM
583 1048 745 1095 Magistri
772 1049 965 1083 Alexandri
994 1048 1114 1092 Mylne
1142 1047 1308 1081 Canonici
1336 1045 1538 1079 Dounkeld-

261 1130 348 1165 enfis
365 1143 404 1165 ac
430 1129 592 1176 Magistri
609 1131 738 1164 fabrice
757 1130 879 1164 Pontis
897 1128 1048 1174 ejusdem
1072 1129 1246 1162 redditum
1264 1128 1356 1171 apud
1375 1126 1537 1160 Dunkeld

261 1213 392 1246 decimo
419 1211 561 1256 septimo
591 1212 646 1245 die
676 1209 799 1245 menfis
830 1210 1040 1244 Novembris
1076 1221 1166 1242 anno
1194 1209 1325 1242 domini
1360 1205 1538 1241 millefimo

260 1290 534 1338 quingentefimo
559 1293 691 1326 decimo
719 1293 822 1325 tertio
853 1291 906 1325 De
934 1291 1094 1324 omnibus
1120 1290 1189 1324 suis
1213 1289 1374 1333 Receptis
1405 1293 1438 1321 et
1467 1287 1539 1320 Ex-

259 1371 371 1416 penfis
388 1373 431 1406 ab
449 1374 596 1406 introitu
613 1371 673 1406 suo
690 1373 734 1406 ad
752 1383 871 1406 curam
889 1373 979 1405 dicte
998 1372 1129 1405 fabrice
1151 1372 1205 1404 die
1224 1371 1382 1404 videlicet
1407 1370 1538 1402 decimo

260 1458 381 1487 octavo
399 1452 522 1487 menfis
541 1454 628 1498 Maij
649 1454 771 1499 vigilia
785 1451 1028 1487 penthecostes
1046 1454 1082 1486 in
1102 1463 1193 1486 anno
1211 1452 1342 1484 domini
1360 1448 1538 1484 millefimo

258 1533 532 1579 quingentesimo
562 1535 693 1568 decimo
728 1539 762 1567 et
797 1533 1062 1568 consecrationis
1097 1533 1229 1567 domini
1259 1530 1367 1566 nostri
1398 1531 1537 1577 Georgii

260 1613 421 1659 Episcopi
440 1612 604 1660 vigefimo
622 1614 716 1648 sexto
734 1614 966 1649 Auditoribus

311 1776 420 1810 IDEM
445 1776 658 1821 Compotans
681 1782 801 1810 onerat
821 1776 854 1810 se
877 1777 919 1810 de
940 1777 1046 1821 iij¹¹ix
1064 1778 1099 1810 li.
1118 1777 1179 1821 xiij
1199 1778 1223 1809 ἔ.
1241 1777 1302 1821 viij
1322 1774 1354 1809 d.
1372 1776 1413 1808 de
1434 1774 1540 1809 Resta

259 1858 375 1891 ultimi
402 1857 562 1902 Compoti
589 1857 689 1902 officij
720 1858 908 1892 decanatus
932 1856 1180 1892 Cristianitatis
1204 1854 1478 1891 Dounkeldenfis
1497 1858 1539 1891 de

260 1936 386 1984 Augus
403 1943 444 1972 ut
461 1943 556 1982 patet
573 1940 610 1973 in
627 1939 712 1983 pede
730 1937 881 1983 ejusdem
898 1939 1024 1973 redditi
1042 1943 1082 1972 ut
1099 1937 1202 1984 supra

698 2018 843 2054 Summa
860 2018 963 2054 Reste
981 2024 1075 2064 patet
